2459 4000
400 139 486 200 48
1104 131 1567 202 ODYSSEAE

405 251 598 362 ὄφρα
609 277 674 320 κε
718 253 1084 334 δυσμενέεσσι
1125 254 1307 360 φόνου
1349 256 1482 338 πέρι
1524 251 1936 340 βουλεύσωμεν.

227 341 356 406 235
401 337 527 406 ἀλλ’
555 334 661 422 ἄγε
702 363 804 421 μοι
819 341 1175 441 μνηστῆρας
1204 338 1556 448 ἀριθμήσας
1598 340 1937 416 κατάλεξον,
1996 365 2019 377 “

403 424 564 533 ὄφρα
609 424 765 498 ι’δέω,
812 419 977 489 ὅσσοι
1019 448 1081 488 τε
1125 418 1223 489 καὶ
1270 422 1340 491 οἵ
1367 450 1514 498 τινες
1558 423 1756 508 ἀνέρες
1798 425 1975 490 εισίν·

406 511 518 576 καί
555 533 650 573 κεν
692 507 868 615 ἐμὸν
871 507 1024 572 κατὰ
1067 509 1262 591 θυμὸν
1304 509 1571 593 ἀμύμονα
1614 511 1972 593 μερμηρίξας

402 593 762 702 φράσσομαι,
809 589 868 655 εἴ
903 617 998 657 κεν
1039 597 1154 658 νῶϊ
1190 595 1529 699 δυνησόμεθ’
1565 594 1987 702 ἀντιφέρεσθαι

405 679 619 788 μούνω
642 677 834 744 ἄνευθ’
862 678 1068 755 ἄλλων,
1115 675 1150 762 ἣ
1195 705 1297 744 και
1344 679 1673 790 διζησόμεθ’
1704 678 1937 752 ἄλλους.

229 767 358 832 24⁰
541 764 664 871 Τὸν
706 761 760 826 δ’
791 759 866 827 αὖ
919 766 1257 848 Τηλέμαχος
1299 768 1652 846 πεπνυμένος
1694 764 1889 828 ἀντίον
1930 763 2114 846 ηὔδα·

403 847 450 914 ῶ
494 848 695 932 πάτερ,
741 847 866 932 ἦτοι
911 859 1032 914 σεῖο
1039 851 1221 958 μέγα
1268 852 1434 922 κλέος
1480 849 1605 915 αἰὲν
1650 874 1883 925 ακουον,

401 934 666 1044 χεῖράς
640 933 684 998 τ’
716 934 1011 1046 αἰχμητὴν
1033 933 1226 1042 ἔμεναι
1270 931 1369 999 καὶ
1414 937 1697 1018 ἐπίφρονα
1740 934 1991 1042 βουλήν·

402 1019 558 1086 αλλὰ
600 1019 725 1126 λίην
764 1021 912 1105 μέγα
955 1018 1139 1092 εἶπες·
1171 1017 1299 1123 ἄγη
1341 1020 1394 1103 μ’
1426 1021 1565 1103 ἔχει·
1612 1021 1757 1085 οὐδέ
1792 1044 1887 1084 κεν
1930 1015 2017 1102 εἴη

403 1103 614 1213 ἄνδρε
619 1103 738 1168 δύω
779 1108 1048 1169 πολλοῖσι
1092 1099 1192 1169 καὶ
1240 1106 1548 1213 ἰφθίμοισι
1580 1105 1896 1213 μάχεσθαι.

231 1193 356 1258 245
399 1189 742 1299 μνηστήρων
778 1187 834 1250 δ’
868 1187 981 1254 οὔτ’
1008 1183 1084 1272 ἀρ
1131 1191 1304 1262 δεκὰς
1345 1188 1584 1300 ἀτρεκὲς
1627 1189 1759 1256 ούτε
1804 1189 1896 1253 δύ’
1926 1189 2065 1265 οἶαι,

407 1275 560 1342 ἀλλὰ
605 1273 752 1338 πολὺ
795 1275 1060 1348 πλεΜονες
1106 1275 1295 1379 τάχα
1302 1278 1357 1339 δ’
1388 1301 1574 1341 εισεαι
1618 1275 1831 1340 ἐνθάδ’
1870 1273 2145 1357 ἀριθμόν.

407 1362 472 1426 ἔκ
514 1385 616 1443 μεν
658 1360 988 1442 Δουλιχίοιο
1035 1359 1152 1424 δύω
1197 1387 1297 1424 και
1338 1361 1689 1444 πεντήκοντα

407 1448 612 1550 κοῦροι
655 1447 990 1527 κεκριμένοι,
1037 1445 1102 1520 ἓξ
1147 1444 1208 1510 δὲ
1231 1450 1563 1550 δρηστῆρες
1608 1447 1871 1510 ἕπονται·

405 1533 471 1595 ἐκ
516 1526 580 1593 δὲ
624 1528 830 1637 Σάμης
871 1531 1108 1614 πίσυρες
1151 1558 1250 1594 και
1297 1532 1480 1598 εἴκοσι
1524 1536 1713 1615 φῶτες
1758 1530 1935 1606 ἔασιν,

237 1616 366 1682 25⁰
409 1617 474 1682 ἐκ
520 1613 582 1680 δὲ
623 1614 937 1680 Ζακύνθου
982 1616 1144 1682 ἔασιν
1188 1617 1401 1688 ἐείκοσι
1445 1622 1645 1700 κοῦροι
1672 1616 1939 1724 Ἀχαιῶν,

403 1701 470 1766 ἐκ
513 1699 571 1765 δ’
603 1700 782 1805 αὐτῆς
815 1699 1061 1782 Ἰθάκης
1105 1704 1458 1767 δυοκαίδεκα
1501 1701 1716 1774 πάντες
1758 1725 2018 1807 αριστοι,

404 1785 516 1852 καί
551 1809 688 1868 σφιν
730 1781 823 1866 ἅμ’
855 1786 978 1850 ἔστι
1019 1787 1233 1851 Μέδων
1278 1789 1477 1872 κῆρυξ
1498 1781 1599 1863 καὶ
1642 1794 1811 1858 θεῖος
1854 1784 2071 1860 ἀοιδός,

403 1896 505 1936 και
551 1869 692 1934 δοιω
737 1869 1080 1977 θεράποντε,
1129 1871 1379 1954 δαήμονε
1426 1871 1877 1953 δαιτροσυνάων.
1990 1905 1995 1908 ·

402 1958 519 2023 τῶν
561 1954 618 2019 εἴ
656 1978 752 2020 κεν
791 1953 1021 2019 πάντων
1065 1955 1381 2063 ἀντήσομεν
1426 1958 1585 2021 ἔνδον
1628 1956 1853 2033 ἐόντων,

237 2044 364 2109 255
409 2068 488 2125 μη
529 2039 895 2147 πολύπικρα
903 2066 1000 2104 και
1047 2042 1180 2105 αινὰ
1219 2044 1361 2147 βίας
1404 2043 1713 2107 ἀποτίσεαι
1756 2040 1963 2107 ε’λθων.

408 2126 560 2191 ἀλλὰ
605 2124 674 2189 σύ
697 2124 842 2234 ογ’
772 2174 789 2202 ,
835 2125 895 2189 εἶ
931 2124 1184 2191 δύνασαί
1219 2126 1316 2191 τιν’
1344 2127 1634 2209 ἀμύντορα
1678 2126 2039 2209 μερμηρίξαι,

406 2210 642 2318 φράζευ,
689 2234 722 2273 ο
770 2211 865 2275 κέν
905 2235 992 2283 τις
1033 2214 1168 2277 νῶιν
1211 2212 1415 2294 ἀμύνοι
1456 2212 1741 2320 πρόφρονι
1782 2214 1977 2295 θυμῷ.

544 2295 666 2359 Τὸν
708 2292 767 2359 δ’
799 2320 938 2360 αυτε
978 2298 1316 2380 προσέειπε
1329 2297 1619 2373 πολύτλας
1665 2302 1789 2369 δῖος
1826 2294 2151 2369 Οδυσσεύς
2172 2318 2187 2333 ·

408 2406 610 2484 τοιγαρ
656 2378 800 2488 ε’γῶν
843 2381 1003 2465 ε’ρέω,
1051 2381 1119 2447 σὺ
1167 2381 1228 2447 δὲ
1276 2383 1486 2448 σύνθεο
1531 2384 1641 2447 καί
1676 2407 1780 2485 μευ
1828 2379 2101 2457 ἄκουσον,

235 2466 360 2533 26⁰
403 2492 506 2536 και
553 2463 798 2572 φράσαι,
845 2463 880 2547 ἦ
925 2492 1019 2532 κεν
1061 2470 1196 2532 νῶϊν
1225 2468 1441 2551 Ἀθηνη
1486 2468 1588 2533 σὺν
1629 2460 1729 2529 Διι
1773 2466 1961 2549 πατρί
2036 2481 2047 2486 ”

411 2552 662 2635 ἀρκέσει,
707 2550 782 2658 ἦέ
817 2550 914 2616 τιν’
946 2549 1123 2616 ἄλλον
1167 2552 1461 2636 ἀμύντορα
1506 2552 1849 2635 μερμηρίξω.

546 2636 668 2704 Τὸν
712 2634 772 2700 δ’
802 2663 876 2701 αυ
929 2639 1267 2719 Τηλέμαχος
1308 2639 1657 2719 πεπνυμένος
1702 2636 1894 2703 ἀντίαν
1937 2632 2117 2715 ηύδα·

413 2721 610 2788 ἐσθλαί
654 2747 748 2786 τοι
789 2720 975 2787 τούτω
1022 2722 1063 2806 γ’
1097 2722 1469 2805 ἐπαμύντορε,
1513 2722 1649 2795 τοὺς
1695 2721 2006 2829 ἀγορεύεις,

409 2803 548 2912 ὕψι
560 2830 669 2889 περ
713 2808 774 2871 έν
815 2809 1075 2890 νεφέεσσι
1121 2808 1461 2911 καθημένω
1510 2829 1557 2869 ω
1602 2831 1664 2871 τε
1709 2803 1808 2870 καὶ
1855 2804 2056 2877 ἄλλοις

239 2890 366 2953 265
411 2889 664 2973 ἀνδράσι
702 2914 765 2955 τε
758 2916 1179 3000 κρατεουσι
1157 2886 1258 2955 καὶ
1304 2890 1659 2957 ἀθανάτοισι
1701 2901 1945 2956 θεοῖσιν.

548 2974 672 3040 Τὸν
715 2972 780 3039 δ’
810 3001 948 3039 αυτε
988 2978 1295 3057 προσέειπε
1336 2976 1627 3051 πολύτλας
1670 2983 1797 3049 δῖος
1832 2973 2183 3048 Ὀδυσσεύς·

413 3059 482 3127 οὗ
525 3060 629 3141 μέν
669 3084 762 3123 τοι
803 3061 967 3124 κείνω
1013 3085 1072 3145 γε
1114 3059 1295 3125 πολυν
1337 3061 1537 3144 χρόνον
1582 3056 1791 3167 ἀμφις
1809 3062 2055 3127 ἔσεσθον

413 3143 734 3253 φυλόπιδος
777 3170 1072 3228 κρατερης,
1121 3146 1297 3211 ὁπότε
1340 3150 1650 3231 μνηστῆρσι
1694 3173 1792 3211 και
1837 3148 1969 3229 ημῖν

414 3231 474 3295 ἐν
513 3228 842 3339 μεγάροισιν
875 3232 1074 3311 ἐμοῖσι
1107 3233 1285 3314 μένος
1329 3233 1586 3315 κρίνηται
1612 3232 1841 3315 Ἄρηος.

241 3312 366 3381 270
409 3314 564 3381 ἀλλὰ
610 3341 681 3383 συ
722 3343 827 3419 μεν
867 3342 964 3381 νυν
1008 3318 1166 3401 ἔρχευ
1210 3315 1307 3400 αμ’
1335 3318 1435 3401 ἠοῖ
1474 3320 1883 3401 φαινομένηφιν

367 3474 374 3478 ,
417 3398 639 3480 οικαδε,
683 3428 784 3467 και
827 3428 1168 3508 μνηστηρσιν
1210 3403 1647 3512 υπερφιάλοισιν
1690 3404 1937 3509 ὁμίλεν,

418 3485 618 3589 αὐτὰρ,
645 3484 743 3569 ἐμὲ
783 3512 960 3572 προτι
1001 3488 1145 3557 ἄστυ
1192 3490 1454 3595 συβώτης
1496 3487 1733 3569 ὕστερον
1775 3485 1922 3562 άξει,

419 3574 623 3654 πτωχῷ
667 3575 948 3657 λευγαλέῳ
993 3574 1308 3658 §voti-lyme&
1350 3571 1451 3655 ηδὲ
1495 3576 1799 3655 γέροντι..
