2459 4000
219 1174 226 1185 ⁸
317 1100 442 1165 375
491 1080 612 1163 εἰλλ’
642 1098 978 1174 ε’ξελθόντες
1019 1099 1285 1182 μεγάρων
1328 1098 1531 1173 ε’ζεσθε
1573 1098 1822 1181 θύραζε

485 211 608 273 126
919 272 928 279 ,
1147 216 1263 277 01)
1281 214 1619 277 YSSEAE

481 326 594 393 καί
606 354 726 437 μιν
769 327 1107 411 λισσόμενος
1152 330 1296 395 ἔπεα
1338 330 1652 437 πτερόεντα
1694 326 2033 409 προσηύδα·

369 490 388 505 Ι
606 410 684 475 Ὠ
729 412 868 495 φίλ’,
915 414 1025 498 ε’γώ
1069 412 1173 495 μὲν
1217 414 1310 479 ὅδ’
1340 415 1476 496 εἰμί,
1524 412 1594 477 σὺ
1640 411 1695 475 δ’
1726 411 1915 495 ἴσχεο·
1960 410 2089 479 εἰπὲ
2135 412 2199 479 δὲ
2238 438 2420 497 πατρι,

482 500 560 581 μή
601 524 702 581 με
714 504 1106 582 περισθενέων
1147 500 1455 583 δηλήσεται
1500 499 1632 574 ὀξέι
1664 502 1879 581 χαλκῷ,

489 584 714 667 ἀνδρῶν
753 585 1088 689 μνηστήρων
1129 587 1537 691 κεχολωμένος,
1584 582 1653 649 οἵ
1686 585 1750 649 οἱ
1790 585 2032 666 ἔκειρον

311 670 442 735 370
485 668 718 752 κτήματ’
752 665 832 735 nt
873 668 1281 755 μεγάροις,σρ
1326 668 1391 735 δε
1433 671 1625 779 νήπιοι
1670 669 1837 735 ούδεν
1882 672 2049 735 ἔτιον.

622 755 744 819 Τὸν
789 753 844 819 δ’
867 756 1253 865 ἐπιμειδήσας
1294 758 1562 863 προσέφη
1604 754 1918 860 πολύμητις
1956 755 2311 829 Ὀδυσσεύς·

482 839 718 951 θάρσει,
760 835 885 905 ε’πεὶ
931 843 1002 924 δή
1045 841 1094 906 σ’
1124 838 1298 914 οὗτος
1341 839 1629 924 ε’ρύσσατο
1674 838 1774 906 καὶ
1820 842 2098 916 ἐσάωσεν,

485 925 643 1011 ὄφρα
687 930 854 1011 γνῷς
875 928 1031 993 κατὰ
1073 928 1283 1009 θυμόν,
1331 926 1483 1010 ἀτὰρ
1504 925 1789 1035 εἴπῃσθα
1834 923 1935 990 καὶ
1980 925 2163 1007 ἄλλῳ,

486 1014 569 1095 ᾡς
611 1014 954 1097 κακοεργίης
995 1012 1285 1097 εὐεργεσίη
1328 1013 1445 1097 μέγ’
1484 1013 1747 1096 ἀμείνων.

491 1185 557 1248 ε’κ
601 1183 783 1288 φόνου
827 1209 912 1257 εις
955 1184 1148 1266 αὐλήν,
1195 1183 1267 1248 σύ
1308 1209 1370 1248 τε
1414 1178 1515 1248 καὶ
1558 1184 1901 1288 πολύφημος
1944 1182 2171 1291 ἀοιδός,

495 1267 638 1374 ὄφρ’
657 1295 730 1333 αν
772 1270 883 1353 ἐγὼ
931 1269 1084 1341 κατὰ
1131 1272 1303 1352 δῶμα
1348 1270 1721 1352 πονήσομαι,
1740 1264 1907 1333 ὅττεό
1949 1294 2021 1351 με
2064 1269 2189 1351 χρή.

614 1349 728 1427 Ὦς
771 1354 1074 1461 φάτο,τῲ
1119 1354 1178 1417 δ’
1209 1356 1323 1431 ἔξω
1355 1355 1539 1463 βήτην
1580 1354 1885 1460 μεγάροιο
1899 1355 2104 1430 κιόντε,

494 1437 736 1546 εζέσθην
779 1440 836 1503 δ’
871 1438 992 1524 ἄρα
1035 1466 1118 1505 τω
1161 1466 1224 1525 γε
1268 1441 1415 1513 Διὸς
1457 1441 1709 1526 μεγάλου
1752 1465 1883 1505 ποτι
1932 1440 2147 1524 βωμόν,

319 1524 449 1591 380
491 1522 748 1603 πάντοσε
791 1527 1196 1602 παπταίνοντε,
1224 1527 1423 1608 φόνον
1460 1531 1847 1633 ποτιδεγμένω
1892 1526 2029 1591 αἰεί.
2436 1519 2438 1605 1

619 1611 930 1694 Πάπτηνεν
971 1612 1018 1675 δ
1047 1613 1329 1684 Ὀδυσεὺς
1374 1610 1512 1677 καθ’
1538 1611 1640 1677 εὸν
1680 1613 1875 1694 δόμον,
1918 1610 1980 1677 εἴ
2002 1636 2104 1683 τις
2138 1611 2209 1675 ἔτ’
2242 1610 2439 1689 ἀνδρυέ

489 1695 638 1771 ζωὸς
678 1698 1126 1775 ὑποκλοπέοιτο,
1173 1698 1442 1763 ἀλύσκων
1486 1702 1635 1779 κῆρα
1676 1701 1972 1779 μέλαιναν.

493 1781 633 1856 τοὺς
677 1782 742 1849 δὲ
785 1780 915 1849 ιδεν
945 1784 1108 1865 μάλα
1153 1784 1381 1857 πάντας
1423 1784 1483 1846 έν
1524 1782 1740 1889 αἵματι
1775 1807 1874 1847 και
1920 1784 2172 1864 κονίῃσιν
2438 1754 2441 1835 Ῑ

485 1873 834 1943 πεπτεῶτας
875 1869 1145 1945 πολλούς,
1191 1867 1275 1942 εἷς
1316 1868 1362 1934 τ’
1394 1868 1624 1951 ἰχθύας,
1671 1866 1775 1942 ούς
1816 1870 1875 1933 θ’
1906 1871 2107 1950 ἁλιῆες

285 1950 445 2018 «385
491 1960 691 2020 κοῖλον
733 1956 795 2028 ἐς
837 1956 1103 2039 αἰγιαλὸν
1144 1959 1350 2038 πολιῆς
1394 1956 1642 2021 εκτοσθε
1684 1955 1997 2037 θαλάσσης

493 2041 703 2121 δικτύῳ
748 2042 1025 2123 ἐξέρυσαν
1065 2046 1389 2122 πολυωπῷ·
1438 2067 1495 2105 οι
1539 2043 1611 2105 δέ
1644 2064 1707 2106 τε
1748 2041 1960 2114 πάντες
2441 1993 2442 2082 1

491 2124 706 2207 κύμαθ’
737 2128 880 2204 αλὸς
920 2131 1241 2198 ποθέοντες
1284 2123 1378 2192 ε’πι
1421 2127 1767 2210 ψαμάθοισι
1812 2130 2115 2210 κέχυνται·

487 2215 604 2273 τῶν
643 2212 746 2292 μέν
789 2210 833 2274 τ’
869 2211 1057 2294 ἠέλιος
1099 2213 1350 2295 φαέθων
1392 2214 1637 2288 ἐξείλετο
1680 2213 1888 2295 θυμόν.

493 2321 576 2368 ως
620 2295 731 2360 τότ’
769 2297 888 2379 ἄρα
932 2323 1248 2381 μνηστηρες
1290 2297 1375 2362 ἐπ’
1408 2298 1702 2380 ἀλλήλοισι
1746 2301 1994 2382 κέχυντο.

295 2381 442 2445 ,390
488 2380 558 2463 δη
601 2381 730 2446 τότε
782 2387 1123 2467 Τηλέμαχον
1162 2386 1429 2468 προσέφη
1469 2382 1787 2466 πολύμητις
1824 2382 2181 2454 Ὀδυσσεύςῖ

631 2469 941 2552 Τηλέμαχ’,
987 2495 1038 2534 ει
1082 2470 1138 2533 δ’
1170 2470 1273 2578 ἄγε
1314 2496 1418 2551 μοι
1462 2469 1708 2534 κάλεσον
1748 2470 1966 2554 τροφὸν
2008 2467 2385 2550 Εὐρύκλειαν,

493 2549 653 2658 όφρα
699 2555 839 2628 ἔπος
881 2553 1112 2636 εἴπωμι,
1156 2558 1226 2621 τό
1268 2582 1370 2638 μοι
1414 2555 1781 2638 καταθύμιόν
1824 2557 1991 2620 ἐστιν.

613 2635 728 2712 Ὦς
770 2641 947 2723 φάτο,
1001 2644 1344 2724 Τηλέμαχος
1389 2640 1452 2705 δὲ
1498 2642 1649 2725 φίλῳ
1694 2642 2037 2706 ἐπεπείθετο
2080 2641 2297 2722 πατρί,

495 2723 736 2806 κινήσας
777 2724 840 2791 δὲ
883 2726 1069 2810 θύρην
1111 2729 1379 2810 προσέφη
1421 2726 1640 2810 τροφὸν
1682 2725 2060 2807 Εὐρύκλειαν·

299 2808 449 2872 ,395
624 2813 814 2893 Δεῦρο
859 2812 932 2896 δη
964 2811 1136 2921 ὄρσο,
1181 2812 1322 2898 γρηῢ
1364 2815 1723 2896 παλαιγενές,
1768 2811 1805 2894 ἦ
1846 2837 1909 2876 τε
1950 2814 2245 2896 γυναικῶν

497 2894 748 2978 δμωάων
791 2896 1016 2970 σκοπός
1059 2900 1187 2962 ε’σσι
1231 2897 1387 2961 κατὰ
1428 2897 1623 3004 μέγαρ’
1622 2898 2009 3006 ημετεράων.

497 2979 690 3084 ερχεο·
737 2982 1026 3089 κικλήσκει
1070 3007 1136 3045 σε
1179 3007 1371 3065 πατηρ
1416 2982 1570 3064 ε’μός,
1618 2979 1795 3068 ὄφρα
1819 3009 1875 3049 τι
1920 3009 2069 3066 ειπη.

613 3060 727 3138 Ὦς
756 3063 861 3171 ἄρ’
881 3066 1190 3174 έφωνησεν,
1234 3073 1303 3148 τῇ
1350 3067 1406 3130 δ’
1397 3093 1685 3174 απτερος
1726 3070 1929 3136 ἔπλετο
1975 3073 2197 3150 μῦθος,

497 3147 668 3224 miger
711 3147 774 3215 δὲ
817 3151 1012 3235 θύρας
1053 3153 1319 3236 μεγάρων
1360 3149 1423 3217 εὖ
1465 3155 1862 3231 ναιεταόντων,

325 3235 450 3297 400
496 3239 572 3344 βη
614 3235 672 3299 δ’
703 3235 856 3319 ἴμεν·
903 3237 1091 3321 αὐτὰρ
1143 3241 1483 3324 Τηλέμαχος
1525 3240 1737 3350 πρόσθ’
1766 3239 2114 3325 ηγεμόνευεν.

458 3318 654 3429 εὗρεν
695 3322 862 3389 επειτ’
911 3322 1171 3406 Ὀδυσῆα
1213 3327 1361 3408 μετὰ
1404 3328 1734 3432 κταμένοισι
1775 3327 2057 3401 νέκυσσιν,

478 3405 698 3513 αἵματι
741 3435 840 3474 και
883 3410 1084 3494 λύθρῳ
1124 3412 1587 3495 πεπαλαγμένον
1606 3437 1690 3485 ως
1730 3437 1792 3476 τε
1833 3414 2058 3487 λέοντα,

495 3490 561 3566 ὅς
601 3496 679 3580 ρά
719 3522 782 3562 τε
807 3493 1136 3582 βεβρωκως
1177 3497 1320 3584 βοὸς
1364 3497 1587 3580 ερχεται
1630 3498 1993 3607 ἀγραύλοιο

497 3582 616 3646 πᾶν
659 3582 715 3646 δ’
747 3581 868 3665 α”ρα
913 3585 976 3649 οἱ
1017 3585 1240 3666 στηθός
1279 3608 1343 3647 τε
1384 3581 1618 3691 παρήιά
1650 3585 1695 3647 τ’
1724 3583 2153 3668 ἀμφοτέρωθεν

326 3663 451 3726 405
497 3665 846 3746 αἱματόεντα
889 3670 1066 3744 πέλει,
1113 3669 1298 3740 δεινὸς
1342 3669 1402 3731 δ’
1440 3668 1527 3736 εἰς
1570 3692 1707 3730 ωπα
1756 3670 2026 3732 ι’δέ·σθαι
