2459 4000
659 201 1527 285 'L113.xx111.v.98-177.
1688 216 1696 224 ·’
1745 221 1869 283 133

37 338 266 418 ἀνδρῶν
304 336 648 445 μνηστήρων,
692 338 828 417 πρίν
869 336 910 419 γ’
943 339 1124 417 ήμέας
1168 337 1409 416 ἐλθέμεν
1452 338 1563 410 ἔξω

36 422 218 506 οῒγρὸν
260 423 318 493 ἐς
359 424 630 504 ἡμετερον
673 424 1098 502 πολυδένδρεον.
1147 424 1294 485 ἔνθα
1340 422 1391 483 δ’
1424 422 1657 487 ἔπειτα
2034 500 2039 507 .

37 506 404 612 φρασσόμεθ’
433 506 468 571 ὅ
513 509 605 570 ττί
643 530 706 569 κε
751 508 956 588 κέρδος
991 507 1309 588 Ὀλύμπιος
1352 507 1673 589 ἐγγυαλίξῃ.
1978 520 1985 531 “
2046 510 2167 572 140

159 589 268 664 “Ὼς
310 591 511 701 ἔφαθ’,
559 618 614 655 οι
659 589 777 654 6²³¹
739 615 858 672 αρα
901 596 1004 655 τοῦ
1035 591 1194 671 μάλα
1239 589 1341 670 μὲν
1385 593 1558 655 κλύον
1598 590 1682 675 ἧδ’
1710 595 2001 669 ἐπίθοντο.

33 681 244 782 πρῶτα
285 676 388 759 μὲν
433 674 532 741 οὖν
575 676 857 739 λούσαντο
903 702 1002 739 και
1049 676 1411 760 ἀμφιέσαντο
1457 682 1721 759 χιτῶνας,

35 760 318 826 ὅπλισθεν
363 762 424 827 δὲ
469 770 760 845 γυναῖκες·
813 763 845 824 ὁ
893 760 951 824 δ’
979 761 1162 825 είλετο
1207 770 1377 832 θεῖος
1421 763 1628 835 ἀοιδός

35 848 319 931 φόρμιγγα
365 848 672 931 γλαφυρήν,
718 849 776 910 ἐν
820 849 891 909 δέ
929 872 1124 929 σφισιν
1167 846 1358 929 ιμερον
1401 844 1583 928 ὦρσεν

35 938 258 1015 μολπῆς
299 958 360 997 τε
406 936 676 1017 γλυκερῆς
722 927 820 995 καὶ
868 932 1161 1014 ἀμύμονος
1207 935 1548 1014 ὀρχηθμοῖο.
2050 938 2169 998 145

39 1027 223 1083 τοῖσιν
267 1016 328 1081 δὲ
369 1022 516 1101 μέγα
562 1022 729 1100 δῶμα
774 1020 1262 1099 περιστεναχζετο
1307 1019 1516 1081 ποσσίν

40 1104 266 1184 ἀνδρῶν
307 1104 623 1178 παιζόντων
667 1102 1028 1177 καλλιζώνων
1070 1129 1132 1167 τε
1177 1107 1477 1187 γυναικῶν.

40 1186 158 1251 ὦδε
205 1190 274 1253 δέ
307 1213 394 1263 τις
437 1188 666 1278 εἴπεσκε
711 1188 905 1270 δόμων
947 1190 1228 1254 ἔκτοσθεν
1274 1188 1530 1253 ἀκούων·

161 1270 252 1335 H
283 1274 440 1356 μαλα
489 1275 559 1355 δή
601 1300 687 1345 τις
727 1276 899 1378 ἔγημε
943 1274 1339 1380 πολυμνήστην
1382 1278 1721 1357 βασίλειαν·

43 1359 282 1440 σχετλίη,
330 1360 460 1422 οὐδ’
495 1361 622 1439 ἔτλη
667 1358 874 1430 πόσιος
917 1354 984 1421 οὗ
1031 1363 1351 1439 κουριδίοιο
1452 1410 1464 1424 .
1766 1370 1769 1376 '
2057 1360 2175 1421 150

39 1444 312 1549 εἴρυσθαι
353 1448 499 1529 μέγα
545 1449 712 1525 δῶμα
761 1446 1088 1527 διαμπερές,
1136 1445 1245 1516 ἕως
1290 1469 1490 1512 ικοιτο
1654 1446 1659 1456 ’

157 1525 269 1601 ‘'525-
313 1530 434 1612 ἄρα
473 1555 560 1603 τις
603 1528 850 1603 εἴπεσκε,
894 1529 969 1592 τὰ
1015 1530 1071 1590 δ’
1101 1529 1205 1592 οὐκ
1252 1528 1385 1593 ἴσαν
1432 1534 1511 1601 ὡς
1557 1532 1836 1595 ἐτέτυκτο

44 1614 234 1695 αὐτὰρ
275 1616 572 1696 Ὀδυσσῆα
615 1615 999 1715 μεγαλήτορα
1026 1610 1071 1693 ᾧ
1117 1610 1195 1676 ε’νὶ
1244 1613 1383 1695 οἴκῳ

44 1698 346 1801 Εὐρυνόμη
389 1702 566 1800 ταμίη
611 1706 812 1763 λουσεν
855 1726 953 1761 και
999 1708 1197 1781 χρῖσεν
1231 1702 1423 1781 ἐλαίῳ,

41 1778 190 1866 ἀμφι
239 1786 308 1847 δέ
343 1810 438 1866 μιν
483 1790 673 1869 φᾶρος
717 1785 895 1848 καλὸν
939 1786 1112 1868 βάλεν
1153 1784 1253 1865 ἠδὲ
1296 1791 1537 1868 χιτῶνα·
2058 1786 2178 1846 155

43 1869 231 1951 αὐτὰρ
276 1871 388 1935 κάκ
435 1875 687 1952 κεφαλης
732 1871 946 1942 κάλλος
988 1871 1136 1934 πολὺ
1179 1875 1337 1952 χεῦεν
1366 1872 1600 1954 Ἀθήνη,

42 1955 300 2065 [μείζονά
343 1954 390 2020 τ’
419 1958 675 2021 εἶ’σιδεειν
721 1982 819 2020 και
867 1955 1166 2021 πάσσονα·
1213 1958 1327 2022 κὰδ
1373 1957 1454 2022 δὲ
1479 1956 1729 2040 κάρητος

41 2038 219 2114 ούλας
263 2037 362 2124 ἧκε
407 2043 610 2140 κόμας,
656 2045 970 2122 ὑακινθίνῳ
1018 2041 1188 2108 ἄνθει
1236 2045 1463 2124 ὁμοίας.

41 2128 118 2198 ὡς
164 2125 222 2190 δ’
253 2125 352 2191 ὅτε
395 2154 481 2200 τις
523 2129 731 2210 χρυσὸν
772 2128 1126 2232 περιχεύεται
1172 2128 1401 2214 ἀργύρῳ
1448 2129 1586 2211 ἀνήρ

39 2209 206 2294 ἴδρις,
254 2209 320 2276 ὃν
355 2210 682 2295 Ἥφαιστος
729 2215 928 2278 δέδαεν
973 2239 1070 2276 και
1115 2217 1366 2287 Παλλὰς
1394 2209 1613 2297 Ἀθήνη
1812 2239 1821 2256 *
2061 2213 2179 2274 160
2242 2221 2245 2227 ’

38 2300 231 2401 τέχνην
271 2299 567 2380 παντοί,ην
613 2299 880 2404 χαρίεντα
929 2297 991 2360 δὲ
1036 2299 1172 2380 ἔργα
1218 2303 1436 2375 τελείει,

41 2379 118 2454 ὥς
161 2381 270 2465 μὲν
314 2387 394 2463 τῷ
436 2384 715 2466 περίχευε
737 2383 902 2464 χάριν
947 2387 1170 2489 κεφαλῇ
1213 2407 1275 2446 τε
1321 2382 1421 2448 καὶ
1466 2384 1697 2466 ωμοις,]

37 2493 98 2530 εκ
145 2469 203 2531 δ’
219 2467 571 2575 ασαμίνθου
619 2473 691 2576 βῆ
739 2470 917 2549 δέμας
964 2467 1353 2532 ἀθανάτοισιν
1399 2469 1615 2550 ὁμοῖος.

40 2548 130 2634 ἂψ
175 2552 236 2616 δ’
271 2576 433 2626 αυτις
477 2553 598 2620 κατ’
631 2554 718 2636 ἄρ’
752 2553 880 2628 ἕζετ
911 2547 1002 2615 ἐπι
1049 2554 1287 2635 θρόνου,
1337 2555 1499 2618 ἔνθεν
1544 2553 1772 2635 ἀνέστη,

38 2637 230 2702 ἀντίον
274 2634 342 2722 ἧς
388 2640 619 2721 ἀλόχου,
667 2642 773 2704 καί
807 2665 903 2721 μιν
947 2638 1094 2720 πρὸς
1135 2641 1329 2718 μῦθον
1373 2641 1581 2702 ἔειπεν·
2060 2637 2179 2698 165

169 2726 480 2806 Λαιμονιή,
526 2747 667 2806 περι
703 2726 900 2808 σοίγε
946 2727 1230 2806 γυναικῶν
1274 2725 1647 2807 θηλυτεράων

37 2835 139 2912 κηρ
186 2811 512 2917 ατέραμνον
555 2811 776 2892 ἔθηκαν
813 2809 1102 2890 Ολύμπια
1149 2810 1361 2891 δώματ’
1398 2811 1645 2893 ἔχοντες·

37 2894 104 2957 οὐ
148 2898 256 2975 μέν
303 2895 348 2959 κ’
381 2893 524 2976 αλλη
567 2924 598 2980 γ
597 2893 754 2959 ’ωδε
795 2895 930 2980 γυνὴ
973 2895 1227 2977 τετληότι
1272 2901 1445 2978 θυμῷ

35 2979 250 3071 ἀνδρὸς
271 2981 606 3090 ἀφεσταίη,
655 2979 719 3054 ὅς
765 2981 826 3046 οἱ
867 2981 1024 3046 κακὰ
1067 2981 1258 3045 πολλὰ
1302 2983 1563 3066 μογήσας

35 3063 206 3130 ἔλθοι
256 3067 529 3145 ἐεικοστῷ
574 3069 694 3130 ἔτει
729 3069 789 3138 ἐς
832 3070 1086 3149 πατρίδα
1131 3077 1324 3175 γαῖαν.
1904 3117 1916 3124 .
2062 3063 2183 3125 170

37 3150 154 3214 ἀλλ’
189 3177 300 3236 αγε
341 3177 460 3260 μοι,
504 3161 674 3232 μαῖα,
723 3153 995 3237 στόρεσον
1038 3155 1219 3235 λέχος,
1269 3150 1427 3255 ὄφρα
1473 3148 1573 3218 καὶ
1622 3152 1796 3246 αυτός

39 3237 316 3320 λέξομαι·
362 3233 398 3318 ἦ
441 3237 551 3345 γὰρ
595 3243 662 3318 τῇ
708 3265 769 3322 γε
816 3238 1079 3320 σιδήρεος
1123 3241 1181 3303 ἐν
1226 3234 1396 3322 φρεσὶ
1440 3237 1651 3320 θυμός.

169 3323 301 3387 Τὸν
343 3321 400 3386 δ’
430 3319 566 3386 αὖτε
609 3326 912 3406 προσέειπε
955 3326 1251 3406 περίφρων
1294 3325 1687 3406 Πηνελόπεια·

38 3405 325 3514 δαιμόνι’,
370 3405 486 3475 ουτ’
517 3407 593 3491 ἄρ
637 3435 691 3472 τι
733 3409 1110 3516 μεγαλίζομαι
1157 3407 1271 3474 ουτ’
1302 3410 1557 3490 ἀθερίζω

35 3490 168 3558 ούτε
215 3495 346 3575 λίην
391 3492 634 3599 ἄγαμαι,
679 3494 838 3577 μάλα
885 3491 942 3556 δ’
972 3489 1035 3555 εὖ
1082 3491 1226 3567 οἶδ,
1273 3492 1396 3565 οἷος
1440 3495 1633 3573 ἔησθα
2058 3488 2183 3552 175

35 3577 96 3650 ἐξ
133 3579 394 3660 Ιθᾶκης
437 3576 530 3643 ἐπὶ
574 3581 708 3664 νηὸς
755 3580 855 3642 ιιὸν
901 3578 1349 3681 δολιχηρέτμοιο.

35 3659 152 3726 ἀλλ’
182 3662 297 3752 αγε
341 3665 404 3728 οἱ
445 3664 722 3746 στόρεσον
762 3665 996 3730 πυκινὸν
1039 3666 1219 3780 λέχος,
1267 3660 1603 3743 Ευρύκλεια,
