2459 4000
489 203 572 264 20
885 225 890 233 ·
1231 145 1699 265 (JDYSSEAE

494 317 622 382 οὐδ’
628 317 978 425 οἰκωφελίη,
1023 314 1058 397 ἦ
1100 340 1162 381 τε
1184 317 1401 426 τρέφει
1444 316 1637 400 ἀγλαὰ
1681 317 1869 392 τέκνα,

496 402 647 467 ἀλλά
690 427 792 482 μοι
837 398 950 466 αἰεὶ
996 407 1120 503 νῆες
1165 404 1470 485 ἐπήρετμοι
1512 403 1681 484 φίλαι
1722 397 1870 504 ἦσαν

323 489 450 550 225
496 483 594 550 καὶ
639 487 878 568 πόλεμοι
921 481 1020 548 καὶ
1065 484 1303 559 ἄκοντες
1345 488 1599 562 ἐΰξεστοι
1641 480 1743 549 καὶ
1788 486 1995 561 ὀϊστοί,

496 572 694 654 λυγρά,
738 572 812 634 τά
855 570 899 635 τ’
930 568 1189 636 ἄλλοισίν
1234 598 1295 655 γε
1321 572 1694 654 καταριγηλὰ
1738 573 2027 635 πέλονται.

501 657 686 738 αὐτὰρ
729 650 854 738 ἐμοὶ
899 656 972 720 τά
1018 655 1192 736 φι’λ”
1157 683 1307 732 εσκε,
1350 656 1427 720 τά
1468 679 1581 720 που
1624 656 1771 727 θεὸς
1812 658 1872 720 ἐν
1914 681 2084 740 φρεσι
2132 661 2337 741 θῆκεν

501 739 677 814 ἄλλος
720 741 829 824 γάρ
873 739 917 804 τ’
945 737 1201 805 ἄλλοισιν
1247 741 1389 823 ἀνὴρ
1432 742 1802 850 ἐπιτέρπεται
1840 742 2042 824 ἔργοις.

501 851 632 908 πριν
671 825 774 907 μὲν
815 825 926 908 γὰρ
981 827 1195 932 Τροίης
1238 825 1571 923 ἐπιβήμεναι
1612 823 1748 898 υἷας
1774 823 2028 931 Ἀχαιῶν

333 911 458 974 230
501 911 713 982 εἰνάκις
757 909 1032 993 ἀνδράσιν
1075 905 1224 991 ἦρξα
1266 935 1367 972 και
1411 909 1763 990 ὠκυπόροισι
1801 912 2021 974 νέεσσιν

503 993 722 1078 ἄνδρας
763 997 824 1067 ἐς
869 993 1258 1068 ἀλλοδαπούς,
1304 995 1414 1058 καί
1445 1019 1545 1076 μοι
1586 995 1747 1076 μάλα
1790 994 2025 1077 τύγχανε
2066 996 2290 1062 πολλά.

504 1083 617 1143 τῶν
660 1079 994 1162 ἐξαιρεύμην
1033 1079 1346 1160 μενοεικέα,
1391 1079 1583 1144 πολλὰ
1627 1078 1681 1142 δ’
1714 1079 1941 1143 ὀπίσσω

505 1165 816 1267 λάγχανον·
865 1165 1020 1244 αἶψα
1064 1161 1128 1227 δε
1173 1163 1334 1235 οἶκος
1376 1163 1669 1247 ὀφέλλετο,
1716 1165 1825 1228 καί
1858 1169 1936 1245 ῥα
1980 1164 2181 1250 ἔπειτα

510 1249 691 1319 δεινός
734 1247 777 1312 τ’
809 1247 1038 1320 αιδοΐός
1077 1273 1140 1312 τε
1182 1249 1329 1328 μετὰ
1368 1249 1663 1330 Κρήτεσσι
1706 1247 1991 1330 τετύγμην

335 1335 466 1396 235
513 1333 629 1396 ἀλλ’
657 1331 752 1396 ὅτε
796 1331 896 1436 δὴ
909 1332 1006 1413 τήν
1051 1357 1111 1415 γε
1155 1332 1425 1416 στυγερὴν
1468 1333 1603 1396 ὁδὸν
1645 1333 1927 1442 εὐρύοπα
1943 1333 2087 1406 Ζεύς

672 1467 840 1528 ''u’'

434 1724 443 1733 .
507 1669 603 1752 ἦεν
645 1673 994 1754 ἀνήνασθαι,
1040 1673 1259 1754 χαλεπὴ
1304 1672 1361 1735 δ’
1392 1673 1481 1754 ἔχε
1525 1672 1707 1753 δήμου
1752 1674 1945 1754 φῆμις.

341 1756 466 1820 240
509 1759 658 1821 ἔνθα
698 1755 799 1839 μὲν
841 1756 1088 1828 εἰνάετες
1127 1757 1497 1838 πολεμιζομεν
1538 1755 1657 1828 υἷες
1684 1755 1950 1838 Ἀχαιῶν,

507 1846 591 1920 τῷ
635 1840 862 1920 δεκάτῳ
909 1842 970 1904 δὲ
1016 1841 1180 1904 πόλιν
1221 1841 1495 1922 Πριάμου
1536 1844 1847 1922 πέρσαντες
1890 1841 2096 1924 ἔβημεν

511 1925 711 1991 οἴκαδε
757 1926 858 1990 σὺν
900 1924 1110 2007 νήεσσι,
1155 1925 1302 1996 θεὸς
1346 1923 1408 1987 δ’
1436 1927 1747 1990 ἐκέδασσεν
1775 1926 2060 2015 Ἀχαιούς.

512 2011 698 2094 αυτάρ
744 2003 870 2092 ἐμοι
914 2014 1082 2089 δειλῷ
1127 2012 1285 2077 κακὰ
1325 2011 1538 2092 μήδετο
1581 2012 1819 2092 μητιέτα
1864 2010 2036 2083 Ζεύς·

509 2121 658 2178 μηνα
701 2096 810 2179 γὰρ
855 2095 976 2159 οἷον
1018 2095 1216 2199 ἔμεινα
1252 2097 1670 2178 τεταρπόμενος
1712 2097 1997 2159 τεκέεσσιν

343 2180 466 2242 245
513 2180 769 2287 κουριδίῃ
810 2179 854 2244 τ’
881 2179 1073 2261 ἀλόχῳ
1117 2204 1217 2243 και
1262 2179 1572 2262 κτήμασιν·
1620 2178 1805 2261 αύτάρ
1844 2179 2043 2244 ἔπειτα

507 2262 875 2371 Αἴγυπτόνδε
916 2291 988 2345 με
1031 2264 1247 2345 θυμὸς,
1266 2264 1471 2349 ἀνώγει
1514 2266 1943 2341 ναυτίλλεσθαι,

511 2354 653 2431 νῆας
693 2348 776 2452 ἐυ-
801 2348 1104 2415 στείλαντα
1149 2350 1251 2413 σὺν
1294 2350 1587 2422 ἀντιθέοις
1632 2350 1936 2430 ἑτάροισιν.

513 2436 670 2499 ἐννέα
715 2436 856 2515 νῆας
900 2438 1116 2517 στεῖλα,
1161 2438 1328 2507 θοῶς
1374 2436 1431 2497 δ’
1428 2435 1797 2543 ἐσαγείρατο
1843 2434 2003 2505 λαός.

639 2522 921 2602 Ἑξῆμαρ
914 2519 1087 2629 [γὲν
1081 2522 1277 2585 ἔπειτα
1322 2516 1448 2629 ἐμοι
1493 2522 1711 2626 ἐρίηρες
1754 2519 1975 2599 εταῖροι

345 2606 470 2667 250
515 2604 777 2669 δαιΗνυντ·
825 2604 1010 2689 αύταρ
1055 2606 1196 2710 ἐγὼν
1242 2605 1425 2688 ἱερηῖα
1468 2604 1656 2669 πολλὰ
1698 2612 1970 2685 παρεῖχον

515 2692 745 2755 θεοῖσίν
787 2714 849 2755 τε
891 2694 1067 2773 ῥέζειν
1109 2690 1346 2753 αυτοῖσί
1381 2714 1442 2752 τε
1489 2695 1665 2752 δαῖτα
1706 2690 2004 2751 πένεσθαι.

515 2774 802 2857 εβδομάτη
848 2777 904 2836 δ’
937 2775 1255 2857 ἀναβάντες
1299 2774 1418 2839 ἀπὸ
1460 2774 1691 2855 Κρήτης
1734 2773 1951 2855 εὐρείης

517 2859 785 2937 ἐπλέομεν
829 2861 1020 2963 Βορέῃ
1066 2859 1283 2939 ἀνέμῳ
1303 2858 1531 2967 ἀκραέὶ,
1578 2862 1755 2937 καλῷ,

517 2943 767 3023 ῥηϊδίως,
815 2945 896 3014 ὡς
939 2941 998 3005 εἴ
1032 2967 1094 3005 τε
1137 2943 1293 3006 κατὰ
1336 2942 1501 3024 ῥόον·
1549 2942 1689 3005 οὐδέ
1724 2966 1809 3014 τις
1855 2968 1953 3005 ουν
1994 2964 2095 3020 μοι

347 3027 473 3089 255
515 3030 663 3105 νηῶν
703 3028 1000 3108 πημάνθη,
1047 3025 1166 3089 ἀλλ’
1197 3028 1485 3108 ἀσκηθέες
1530 3052 1628 3089 και
1673 3024 1912 3091 ἄνουσοι

518 3108 732 3190 ἥμεθα,
775 3112 884 3183 τὰς
925 3112 981 3173 δ’
1012 3108 1222 3192 ἄνεμός
1264 3136 1327 3175 τε
1316 3114 1727 3221 ’.κυβερνῆταί
1746 3109 1790 3173 τ’
1822 3109 2039 3175 ἴθυνον.

517 3195 834 3303 πεμπταῖοι
880 3195 936 3259 6'
963 3193 1351 3278 Αἴγυπτον
1310 3198 1595 3279 εύρρείτην
1640 3194 1947 3277 ἱκόμεσθα,

519 3284 702 3389 στῆσα
747 3278 808 3345 δ’
836 3283 896 3345 ἐν
934 3280 1214 3363 Αἰγύπτῳ
1260 3284 1502 3363 ποταμῷ
1544 3283 1678 3352 νέας
1722 3282 2124 3362 ἀμφιελίσσας.

521 3367 636 3431 ἔνθ’
663 3363 792 3448 ἦτοι
832 3366 936 3447 μὲν
977 3366 1086 3449 ἐγὼ
1132 3368 1370 3449 κελόμην
1410 3367 1642 3471 ἐρίηρας
1684 3366 1949 3443 ἑταίρους

357 3453 481 3515 260
527 3452 704 3515 αὐτου
746 3453 869 3533 πὰρ
913 3453 1105 3531 νήεσσι
1147 3455 1328 3533 μένειν
1370 3478 1469 3515 και
1512 3476 1653 3532 νηας
1698 3451 1967 3528 ἔρυσθαι,
2436 3362 2439 3583 ³

521 3537 776 3616 ὀπτῆρας
821 3536 882 3601 δὲ
927 3537 1079 3613 κατὰ
1123 3538 1371 3608 σκοπιὰς
1416 3534 1643 3618 ὤτρυνα
1685 3537 1947 3595 νεΜεσθαι

526 3621 586 3681 οἱ
627 3620 682 3681 δ’
712 3618 872 3701 υβρει
913 3620 1185 3696 εἴξαντες,
1230 3622 1599 3701 ἐπισπόμενοι
1640 3619 1799 3696 μένει
1838 3618 1987 3695 σφῷ,

507 1585 686 1668 νήεσσ’
715 1587 1072 1670 ἡγήσασθαι·
1093 1589 1156 1660 ἐς
1189 1585 1394 1652 Ἴλιον·
1442 1587 1587 1652 ουδέ
1622 1611 1676 1650 τι
1717 1590 1897 1688 μῆχος
2263 1607 2449 2171 Ι
