2459 4000
384 123 388 128 '
461 113 556 175 2⁴
1207 111 1661 174 ODYSSEAE

467 228 616 330 νῆας
657 223 1006 308 ἀκειόμενον,
1051 225 1156 298 τάς
1202 225 1263 290 οἱ
1302 227 1583 300 ξυνέαξαν
1628 222 1859 288 ἄελλαι·

470 307 571 378 καὶ
617 309 747 393 φάτ’
801 306 1221 374 ἐλεύσεσθαι
1191 335 1226 392 η
1271 311 1333 382 ἐς
1370 311 1550 392 θέρος
1594 305 1629 389 ἢ
1672 311 1733 381 ἐς
1748 308 2029 416 ὀπώρην,

289 397 426 462 385
467 397 659 462 πολλὰ
667 393 932 503 χρήματ’
968 393 1203 478 ἀγοντα,
1251 395 1351 458 σὺν
1394 395 1690 466 ἀντιθέοις
1734 393 2037 474 ἕτάροισιην

456 477 571 546 καὶ
617 479 706 556 σύ,
749 481 912 564 γέρον
953 481 1331 554 πολυπενθές,
1377 480 1509 542 ε’πεί
1545 482 1618 543 σε’
1652 505 1752 560 μοι
1794 477 1966 562 ἤγαγε
2011 481 2283 562 δαίμων,

467 565 608 650 μήτε
649 565 714 629 τί
751 591 852 645 μοι
893 565 1168 648 ψεύδεσσι
1211 565 1441 647 χαρίζεο
1484 565 1623 645 μήτε
1666 589 1722 627 τι
1744 567 1965 667 θέλγε·

475 651 543 714 ού
590 651 701 734 γὰρ
745 648 953 713 τούνεκ’
991 649 1098 733 ἐγώ
1146 649 1192 714 σ’
1231 651 1583 730 αιδέσσομαι
1629 645 1762 712 οὐδὲ
1806 648 2049 730 φιλήσω,

473 737 624 798 ἀλλὰ
667 736 787 798 Δία
834 736 1014 808 ξένιον
1059 736 1261 806 δείσας
1304 732 1477 797 αὐτόν
1517 734 1561 798 τ’
1592 735 1885 812 ἐλεαίρων.

293 819 430 884 390
610 819 732 884 Τὸν
775 820 828 882 δ’
861 813 1335 921 ἀπαμειβόμενος
1364 819 1627 901 προσέφη
1670 817 1978 898 πολύμητις
2018 817 2381 893 Ὀδυσσεύς·

472 901 508 987 ἦ
517 905 714 1016 μάλα
756 905 844 975 τίς
890 928 978 966 τοι
1021 904 1216 985 θυμὸς
1260 897 1337 965 ε’νὶ
1385 902 1697 984 στήθεσσιν
1740 901 2001 978 ἄπιστος,

477 989 600 1055 οἷόν
646 988 695 1053 σ’
725 988 854 1053 οὐδ’
893 988 1120 1068 ὀμόσας
1161 1011 1269 1070 περ
1314 987 1612 1094 ἐπήγαγον,
1659 985 1800 1050 ούδέ
1835 1011 1900 1050 σε
1943 993 2158 1052 πείθω.

479 1075 601 1139 ἀλλ’
641 1071 744 1157 ἄγε
789 1078 884 1136 νῦν
926 1072 1128 1156 ῥήτρην
1170 1072 1548 1174 ποιησόμεθ’·
1596 1070 1783 1156 αὐτὰρ
1830 1071 2073 1136 ὄπισθεν

474 1160 760 1268 μάρτυροι
806 1157 1188 1266 ἀμφοτέροισι
1230 1159 1384 1232 θεοί,
1428 1182 1519 1221 τοι
1554 1156 1849 1238 Ὄλυμπον
1893 1158 2132 1238 ἔχουσιν.

295 1244 428 1309 395
473 1247 533 1308 εἰ
568 1243 670 1326 μέν
713 1266 808 1306 κεν
849 1242 1090 1322 νοστήσῃ
1137 1241 1287 1316 ἅναξ
1330 1241 1459 1314 τεὸς
1500 1239 1561 1313 ές
1602 1242 1737 1305 τόδε
1782 1246 1969 1324 δῶμα,

480 1331 664 1400 ἕσσας
706 1352 776 1408 με
819 1327 1057 1409 χλαῖνάν
1099 1353 1160 1390 τε
1203 1328 1417 1410 χιτῶνά
1460 1353 1521 1390 τε
1566 1323 1778 1408 εἵματα
1821 1329 2052 1410 πέμψαι

474 1411 845 1494 Δουλίχιόνδ’
887 1413 1047 1487 ἰέναι,
1095 1410 1200 1474 ὅθι
1243 1438 1343 1491 μοι
1388 1414 1560 1493 φιλον
1600 1413 1801 1475 ἔπλετο
1843 1417 2047 1493 θυμῷ·

477 1500 536 1561 εἰ
574 1498 645 1560 δέ
681 1521 745 1560 κε
788 1497 866 1580 μὴ
912 1497 1146 1577 ἔλθῃσιν
1189 1495 1341 1571 ἅναξ
1382 1497 1531 1572 τεός,
1576 1497 1659 1568 ὥς
1704 1496 1981 1580 ἀγορεύω,

478 1587 679 1664 δμῶας
723 1581 1032 1652 ἐπισσεύας
1076 1584 1301 1664 βαλέειν
1343 1582 1589 1664 μεγάλης
1632 1582 1787 1645 κατὰ
1832 1584 2058 1662 πέτρης,

299 1669 432 1730 4⁰0
479 1666 638 1750 ὄφρα
681 1662 782 1730 καὶ
827 1665 1004 1738 αλλος
1045 1667 1275 1748 πτωχὸς
1319 1667 1585 1730 ἀλεύεται
1628 1665 2012 1748 ἠπεροπεύειν.

618 1753 736 1816 Τὸν
780 1751 834 1814 δ’
872 1752 1334 1833 ἀπαμειβόμενος
1377 1751 1741 1832 προσεφώνεε
1786 1757 1911 1822 δῖος
1955 1753 2261 1835 ὑφορβός·

481 1837 634 1912 ξεῖν,
678 1835 832 1900 οὕτω
876 1835 986 1919 γάρ
1033 1838 1126 1898 κέν
1168 1861 1267 1938 μοι
1314 1836 1537 1916 ἐϋκλείη
1582 1835 1625 1898 τ’
1665 1836 1839 1935 ἀρετή
1880 1861 1943 1900 τε

480 1919 568 2003 εἴη
613 1922 694 1984 ἐπ’
741 1920 1111 2024 ἀνθρώπους,
1158 1915 1283 2000 ἅμα
1326 1920 1372 1984 τ’
1410 1920 1620 1984 αὐτίκα
1664 1945 1765 1984 και
1806 1922 2130 2005 μετέπειτα,

483 2004 549 2077 ὅς
595 2006 640 2069 σ’
675 2000 796 2070 ε’πει
843 2006 903 2078 ἐς
945 2007 1164 2087 κλισίην
1209 2032 1425 2089 αγαγον
1468 1999 1563 2069 καὶ
1612 2007 1791 2081 ξείνια
1835 2010 2017 2083 δῶκα,

303 2092 438 2153 4⁰5
485 2116 648 2161 αυτις
693 2088 756 2155 δὲ
801 2092 1098 2170 κτείναιμι,
1143 2092 1311 2172 φίλον
1353 2090 1397 2154 τ’
1438 2090 1554 2156 ἀπὸ
1600 2091 1791 2174 θυμὸν
1833 2092 2077 2173 ἑλοίμην

479 2174 766 2280 πρόφρων
800 2200 896 2239 κεν
925 2175 1009 2257 δη
1055 2176 1252 2238 ἔπειτα
1294 2176 1416 2239 Διά
1423 2177 1771 2282 Κρονίωνα
1814 2179 2086 2258 λιτοίμην.
2248 2154 2313 2221 κ

479 2266 575 2325 νῦν
621 2260 676 2322 δ’
702 2286 838 2367 ωρη
883 2258 1154 2343 δόρποιο·
1198 2260 1441 2343 τάχιστά
1482 2288 1583 2343 μοι
1628 2262 1787 2325 ἔνδον
1829 2263 2049 2343 ἑταῖροι

429 2410 438 2415 ,
481 2344 687 2421 εἶεν,”
653 2344 716 2420 ιν’
751 2346 816 2409 ’ἐν
858 2346 1043 2425 κλισίῃ
1088 2346 1267 2428 λαρὸν
1306 2348 1696 2429 τετυκοίμεθα
1743 2347 1973 2430 δόρπον.

602 2426 717 2501 Ὣς
764 2456 821 2493 οι
863 2428 966 2511 μὲν
1008 2435 1253 2494 τοιαῦτα
1296 2432 1445 2535 πρὸς
1489 2432 1773 2513 ἀλλήλους
1819 2431 2111 2516 ἀγόρευον,

301 2514 434 2577 410
479 2514 818 2623 ἀγχίμολον
831 2514 894 2580 δὲ
939 2516 1070 2586 σύες
1112 2540 1174 2579 τε
1218 2512 1317 2579 καὶ
1363 2516 1562 2599 ἀνέρες
1604 2514 1789 2599 ἦλθον
1828 2518 2095 2601 ὑφορβοί.

480 2602 589 2671 τὰς
631 2597 734 2682 μὲν
777 2596 898 2705 ἄρα
943 2601 1116 2682 ἔρξαν
1160 2603 1313 2665 κατὰ
1358 2600 1515 2701 ἤθεα
1561 2606 1927 2683 κοιμηθῆναι,

480 2685 694 2768 κλαγγη
739 2683 794 2749 δ’
831 2684 1084 2757 ἄσπετος
1129 2710 1281 2767 ωρτο
1326 2691 1479 2749 συῶν
1503 2683 1976 2767 αὐλιζομενάων·

480 2769 668 2850 αὐτὰρ
715 2769 748 2833 ὁ
793 2767 881 2842 οἷς
892 2770 1214 2877 ετάροισιν
1257 2764 1515 2837 ἐκέκλετο
1562 2776 1685 2843 δῖος
1726 2770 2015 2855 υφορβός·

595 2851 802 2927 Ἄξεθ’
837 2855 952 2917 ὑῶν
993 2856 1094 2918 τὸν
1138 2853 1391 2959 ἄριστον,
1438 2882 1529 2918 ινα
1576 2856 1737 2937 ξείνῳ
1784 2856 2015 2963 ἱερεύσω

285 2936 433 2997 415
475 2940 811 3047 τηλεδαπῷ·
856 2938 1040 3021 πρὸς
1034 2938 1107 3001 -’δ
1145 2934 1311 3043 αὐτοι
1358 2940 1695 3022 ὀνησόμεθ’,
1744 2939 1811 3005 οἵ
1840 2965 1949 3024 περ
1996 2940 2150 3015 ὀιζύν

481 3021 582 3103 δην
624 3021 823 3104 ἔχομεν
863 3024 1180 3105 πάσχοντες
1221 3024 1337 3088 ὑῶν
1383 3024 1513 3087 ἕνεκ’
1568 3026 1967 3108 ἀργιοδόντων.

481 3104 653 3170 ἄλλοι
696 3107 752 3168 δ’
807 3107 1074 3188 ημέτερον
1117 3108 1377 3190 κάματον
1418 3134 1683 3191 νηποινον
1727 3112 1968 3176 ἕδουσμν

598 3187 711 3262 Ὣς
757 3190 907 3297 62ch
921 3216 1196 3275 φωνησας
1241 3196 1415 3258 κέασε
1462 3195 1603 3270 ξύλα
1646 3199 1807 3280 νηλει
1840 3199 2051 3278 χαλκῷ,

483 3276 546 3340 οἱ
585 3274 641 3340 δ’
678 3272 746 3341 ὗν
787 3278 1012 3360 εἰσῆγον
1053 3278 1214 3359 μάλα
1260 3280 1433 3343 πίονα
1476 3282 1871 3363 πενταέτηρον.

283 3356 440 3421 ἑΔΙῖθ
483 3362 582 3424 τὸν
621 3358 726 3443 μὲν
769 3363 933 3426 ἔπειτ’
973 3364 1218 3445 ἔστησαν
1262 3364 1346 3428 ἐπ’
1380 3366 1623 3469 ἐσχάρη·
1671 3364 1807 3430 οὐδὲ
1852 3364 2115 3469 συβώτης

481 3447 669 3526 λήθετ’
707 3445 798 3530 ἀρ’
835 3446 1183 3513 ἀθανάτων·
1199 3446 1397 3533 φρεσὶ
1442 3452 1551 3535 γὰρ
1596 3449 1810 3532 κέχρητ’
1848 3449 2173 3557 ἀγαθῇσιν·

479 3532 602 3595 ἀλλ’
638 3528 673 3595 6
717 3531 760 3615 γ’
798 3532 1196 3615 ἀπαρχόμενος
1240 3541 1495 3617 κεφαλῆς
1535 3537 1735 3617 τρίχας
1777 3536 1836 3597 ἐν
1875 3558 2010 3615 πυρι
2056 3534 2273 3617 βάλλεν
