2459 4000
437 212 562 275 ¹02
961 236 976 251 ‘
1095 210 1551 273 ODYSSEAE
1656 262 1660 267 .

308 380 320 407 ,
435 329 705 399 ἐλθόντες
748 326 806 389 6
838 328 936 398 ἐς·
929 326 1153 407 δώματ’
1201 326 1523 406 Ὀδυσσῆος
1564 323 1759 389 θείοιο

438 414 676 495 χλαίνας
720 410 821 493 μὲν
863 413 1176 476 κατέθεντο
1221 412 1376 475 κατὰ
1420 408 1691 491 κλισμούς
1735 434 1796 473 τε
1839 409 2095 489 θρόνους
2138 434 2224 486 τε,

269 500 404 563 250
441 498 502 561 οἱ
543 497 599 559 δ’
633 497 847 577 ἱέρευον
889 495 980 568 οι“ς
1021 497 1332 599 μεγάλους
1347 492 1446 559 καὶ
1489 497 1699 567 πίονας
1742 494 1933 576 αἶγας,

440 582 629 687 ἵρευον
669 580 732 645 δὲ
775 581 922 652 σῦας
965 581 1202 653 σιάλους
1234 576 1337 644 καὶ
1378 583 1539 686 βουν
1561 578 1848 685 άγελαιᾝην

442 665 734 748 σπλάγχνα
779 667 840 729 δ’
871 664 961 748 ἄρ’
989 666 1341 745 ὀπτήσαντες
1384 665 1633 744 ἐνώμων,
1678 664 1738 727 ἐν
1782 665 1855 728 δέ
1888 687 1950 725 τε
1992 663 2153 729 οἶνον

435 756 740 855 κρητῆρσιν
783 751 1094 832 κερόωντο·
1141 752 1397 813 κύπελλα
1441 749 1503 812 δὲ
1548 759 1701 829 νεῖμε
1744 747 2027 830 συβώτης.

444 844 600 898 σῖτον
640 838 714 899 δέ
750 834 846 917 σφ’
875 836 1125 915 ἐπενειμε
1177 836 1488 908 Φιλοίτιος,
1536 831 1794 916 ὄρχαμος
1834 832 2083 938 ἀνδρῶν,

270 923 400 985 255
443 925 648 991 καλοῖς
687 921 749 984 ἐν
791 922 1095 995 κανέοισιν,
1139 919 1402 1003 ἐῳνοχόει
1446 916 1511 982 δι
1554 917 1913 989 Μελανθεύς.

446 1005 508 1070 οἱ
548 1003 604 1066 δ’
631 1004 713 1068 ἐπ’
745 1002 962 1069 ὀνείαθ’
991 1006 1197 1085 ἑτοῖμα
1239 1002 1583 1087 προκείμενα
1624 1012 1823 1086 χεῖρας
1866 1000 2083 1069 ἴαλλον.

581 1091 923 1172 Τηλέμαχος
964 1088 1028 1151 δ’
1075 1089 1338 1171 Ὀδυσῆα
1382 1089 1684 1169 καθίδρυε,
1730 1090 1940 1171 κέρδεα
1984 1092 2215 1171 νωμῶν,

445 1174 604 1247 ἐντὸς
647 1175 969 1245 ευσταθέος
1010 1174 1290 1277 μεγάρου,
1330 1174 1497 1255 παρὰ
1542 1173 1737 1239 λάινον
1779 1173 1969 1249 ουδόν,

445 1261 666 1362 δίφρον
694 1258 976 1322 ἀεικέλιον
1019 1255 1311 1330 καταθεὶς
1352 1258 1543 1343 ὀλίγην
1584 1281 1645 1321 τε
1686 1257 2014 1338 τράπεζαν

193 1416 207 1428 ·
269 1346 398 1421 260
438 1344 560 1425 παρ
607 1340 666 1405 δ’
691 1344 874 1407 ἐτίθει
919 1344 1251 1425 σπλάγχνων
1291 1345 1520 1448 μοίρας,
1564 1343 1624 1406 ἐν
1664 1342 1720 1406 δ’
1752 1342 1904 1407 οἶνον
1948 1344 2137 1427 ἔχευεν

439 1432 500 1491 ἐν
544 1428 727 1491 δέπαὶ
757 1430 994 1511 χρυσέῳ,
1039 1431 1147 1492 καί
1181 1456 1278 1508 μιν
1312 1429 1465 1533 πρὸς
1506 1431 1718 1508 μῦθον
1742 1428 1951 1493 ἔειπεν

567 1510 887 1577 Ἔνταυθοῖ
921 1517 1017 1578 νῦν
1058 1510 1166 1595 ἧσο
1210 1513 1327 1595 μετ’
1357 1512 1635 1614 ἀνδράσιν
1676 1512 2084 1589 οἰνοποτάζων.

445 1598 753 1679 κερτομίας
798 1601 870 1662 δέ
905 1623 996 1663 τοι
1041 1598 1217 1669 αὐτὸς
1262 1597 1371 1703 ἐγὼ
1416 1594 1516 1661 καὶ
1559 1606 1756 1704 χεῖρας
1798 1597 1998 1678 ἀφέξω
2088 1666 2093 1675 ,

437 1682 668 1745 πάντων
708 1684 1058 1766 μνηστήρων,
1103 1679 1227 1747 ἐπεὶ
1272 1709 1340 1747 ου
1384 1709 1477 1748 τοι
1520 1680 1720 1765 δήμιός
1764 1683 1919 1748 ἐστιν

279 1769 402 1831 265
450 1767 609 1839 οἶκος
653 1765 773 1844 ὅδ’,
819 1768 939 1831 ἀλλ’
991 1768 1293 1849 Ὀδυσῆος,
1340 1764 1465 1848 ἐμοὶ
1512 1768 1572 1831 δ’
1602 1766 1885 1847 ἐκτησατο
1931 1776 2139 1843 κεῖνος.

443 1854 604 1955 υμεῖς
645 1854 728 1928 δέ,
771 1856 1102 1935 μνηστῆρες,
1147 1855 1404 1935 ἐπίσχετε
1448 1852 1639 1954 θυμὸν
1682 1853 1871 1933 ἐνιπῆς

448 1963 546 2003 και
591 1941 809 2020 χειρῶν,
855 1937 948 2003 ἵνα
991 1938 1070 2021 μή
1110 1964 1198 2010 τις
1244 1940 1359 2021 ἔρις
1402 1932 1502 2002 καὶ
1545 1947 1733 2010 νεῖκος
1775 1935 1997 2022 ὄρηται.

563 2019 674 2094 Ὣς
700 2023 916 2106 εφαθ’·
965 2025 1026 2088 οἱ
1068 2025 1129 2086 δ’
1159 2023 1282 2127 ἄρα
1323 2025 1531 2096 πάντες
1575 2023 1723 2098 ὀδὰξ
1765 2026 1824 2087 ἐν
1864 2023 2075 2107 χείλεσι
2118 2027 2331 2108 φύντες

452 2107 790 2213 Τηλέμαχον
829 2107 1153 2188 θαυμάζον,
1199 2134 1233 2173 ο
1278 2112 1629 2192 θαρσαλέως
1673 2109 1956 2215 ἀγόρευεν.

277 2191 404 2254 270
448 2200 629 2255 τοῖσιν
671 2192 729 2254 δ’
750 2192 1054 2266 ·Ἀντίνοος
1095 2195 1331 2277 μετέφη,
1374 2196 1698 2266 Εὐπείθεος
1738 2194 1894 2266 υἱός·

579 2273 706 2340 Καὶ
748 2279 996 2361 χαλεπόν
1035 2304 1143 2385 περ
1188 2281 1353 2346 ἐόντα
1398 2280 1705 2361 δεχώμεθα
1746 2282 1956 2360 μῦθον,
1992 2280 2243 2362 Ἀχαιοί,

453 2361 823 2443 Τηλεμάχου·
866 2365 1026 2446 μάλα
1073 2364 1131 2428 δ’
1160 2393 1293 2448 ημιν
1338 2364 1657 2447 ἀπειλησας
1702 2362 1981 2472 άγορευει.

447 2471 514 2508 ου
558 2447 666 2529 γάρ
706 2448 853 2521 Ζεὺς
897 2447 1058 2514 εἴασε
1099 2452 1394 2533 Κρονίων·
1439 2454 1521 2529 τῷ
1564 2452 1636 2514 κέ
1672 2474 1767 2531 μιν
1810 2448 1916 2531 ἤδη
2062 2517 2067 2524 .

444 2556 746 2638 παυσαμεν
789 2535 850 2597 ἐν
890 2535 1192 2617 μεγάροισι
1237 2535 1411 2642 λιγύν
1432 2559 1539 2644 περ
1580 2534 1717 2598 ἐόντ’
1746 2534 2044 2619 ἀγορητήν.

275 2615 400 2680 275
561 2614 751 2690 Ὣς”
713 2620 877 2702 εφατ’
913 2619 1226 2694 Ἀντίνοος·
1276 2623 1309 2684 ὁ
1354 2620 1411 2684 δ’
1442 2619 1529 2702 ἄρ’
1558 2619 1663 2684 οὐκ
1705 2620 1987 2700 ἐμπάζετο
2030 2621 2271 2699 μύθων.

449 2701 686 2808 κήρυκες
731 2703 788 2767 δ’
817 2704 932 2768 ἀνὰ
973 2705 1124 2770 άστυ
1168 2709 1331 2770 θεῶν
1374 2705 1525 2789 ἱερὴν
1568 2704 1892 2788 εκατόμβην

448 2810 630 2956 Ξγιίἷξ
646 2784 1928 2978 ’,3ἔο’σῖἔὲἷῖἶίαῖῖἓῖἶίῗοὲἔῖἷὶἷέἑῗω

584 2947 661 3022 Οἱ
701 2956 756 3019 δ’
782 2953 904 3021 ἐπει
949 2957 1224 3039 ὤπτησαν
1268 2959 1393 3035 κρέ’
1424 2959 1705 3042 ὑπέρτερα
1748 2954 1849 3026 καὶ
1892 2957 2199 3042 ἐρυσαντο,

275 3040 402 3104 28⁰
443 3040 656 3122 μοίρας
699 3041 1054 3121 δασσάμενοι
1098 3041 1337 3108 δαίνυντ’
1366 3045 1629 3126 ἐρικυδέα
1674 3049 1871 3112 δαῖτα.
2120 3112 2125 3118 ,

444 3148 568 3234 παρ
612 3123 673 3188 6’
707 3124 795 3208 ἄρ’
818 3124 1133 3229 Ὀδυσσῆι
1164 3137 1376 3210 μοῖραν
1418 3132 1625 3208 θέσαν,
1672 3129 1728 3194 οἳ
1773 3132 2066 3202 πονέ,οντο

449 3235 595 3291 ισην,
641 3210 724 3282 ὥς
768 3204 947 3275 αὗτοί
973 3237 1086 3296 περ
1130 3213 1469 3298 ἐλάγχανον·
1516 3211 1599 3288 ὥς
1641 3215 1751 3299 γὰρ
1794 3213 2002 3299 ἀνοίγει

455 3297 812 3376 Τηλέμαχος,
857 3297 1028 3379 φίλος
1069 3299 1197 3372 υιὸς
1234 3299 1555 3406 Ὀδυσσῆος
1585 3300 1797 3366 θειόιο.

579 3382 929 3462 Μνηστῆρας
973 3383 1126 3448 δὀὐ
1170 3382 1419 3466 πάμπαν
1460 3385 1747 3492 ἀγήνορας
1788 3383 1887 3449 εἴα
1915 3383 2137 3463 Ἀθήνη

147 3501 156 3510 -
271 3459 403 3530 285
447 3462 643 3544 λωβης
686 3463 958 3548 ἴσχεσθαι
1000 3473 1349 3552 θυμαλγέος
1394 3468 1523 3548 ὄφρ’
1553 3469 1635 3532 ἔτι
1673 3473 1897 3549 μᾶλλον

450 3546 556 3652 δυη
599 3546 741 3631 άχος
783 3555 1025 3635 κραδίην
1065 3555 1437 3636 Λαερτιάδην
1474 3553 1753 3634 Ὀδυσῆα.

445 3623 515 3711 ἦν
557 3635 629 3698 δέ
661 3659 749 3708 τις
787 3637 847 3702 ἐν
887 3643 1228 3718 μνηστῆρσιν
1271 3638 1412 3718 ἀνηρ
1454 3636 1775 3714 ἀθεμίστια
1816 3637 2009 3714 ειδως,
