2459 4000
693 204 839 267 LIB.
861 204 988 267 XX.
1019 224 1073 267 v.
1093 202 1316 263 248-
1329 202 1477 265 327.

37 320 376 402 Κτήσιππος
419 318 476 382 δ’
503 316 657 402 ὄνομ’
689 321 837 395 ἔσκε,
883 318 1057 424 Σάμη
1101 318 1160 381 δ’
1193 312 1274 383 ε’νὶ
1319 319 1481 383 οἰκία
1523 330 1681 387 ναῖεν
1695 344 1709 357 ·
1744 336 1751 343 ’

33 405 100 478 ὃς
144 404 212 487 δή
252 430 344 469 τοι
387 404 686 470 κτεάτεσσι
728 403 1036 475 πεποιθὼς
1075 404 1475 467 θεσπεσίοισιν

29 480 291 570 μνάσκετ
337 488 659 572 Ὀδυσσῆος
701 490 803 571 δὴν
846 490 1167 595 οἰχομένοιο
1213 487 1505 570 δάμαρτα.

31 574 98 647 ὅς
142 580 216 659 ῥα
259 573 388 638 τότε
429 578 772 657 μνηστῆρσιν
813 571 1224 679 υπερφιάλοισι
1266 572 1553 653 μετηύδα·

161 661 429 724 Κέκλυτέ
462 685 590 740 μευ,
634 663 948 742 μνηστῆρες
991 656 1281 741 ἀγήνορες,
1328 654 1491 740 ὄφρα
1533 684 1589 723 τι
1631 644 1797 724 εἴπω.

29 756 240 827 μοῖραν
279 742 380 826 μὲν
424 745 496 826 δὴ
541 745 726 819 ξεῖνος
768 746 879 828 ἔχει
919 744 1123 818 πάλαι,
1171 744 1255 815 ὥς
1296 744 1569 819 ἐπέοικεν,

33 830 187 911 ἴ·σην
234 830 302 893 οὗ
345 828 458 913 γὰρ
501 828 683 895 καλὸν
711 828 1010 933 ἀτέμβειν,
1057 826 1190 891 οὐδὲ
1237 828 1479 905 δίκαιον,

31 917 248 989 ξείνους
297 914 658 1017 Τηλεμάχου,
704 939 770 988 ος
812 938 906 979 κεν
947 914 1087 979 τάδε
1131 910 1359 994 δωμαθ’
1389 912 1597 1012 ἵκηται.

33 999 154 1063 ἀλλ’
184 997 286 1083 ἄγε
329 1025 389 1063 οι
433 1025 532 1063 και
575 998 685 1083 ἐγὼ
734 1002 816 1063 δῶ
863 1001 1086 1075 ξείνιον,
1133 996 1291 1080 ὄφρα
1336 994 1437 1062 καὶ
1482 998 1658 1071 αὐτός

34 1084 98 1167 ἠὲ
143 1084 459 1191 λοετροχόῳ
504 1084 623 1165 δώῃ
667 1085 838 1192 τέρας
881 1084 952 1167 ἦέ
987 1112 1068 1165 vm
1111 1081 1273 1162 ἄλλο

39 1170 264 1275 δμώων,
311 1168 364 1234 οἳ
409 1171 564 1235 κατὰ
608 1167 838 1253 δώματ’
869 1170 1194 1249 Ὀδυσσῆος
1234 1168 1459 1233 θείοιο.

145 1251 259 1327 ’Ὡς
301 1254 478 1319 εἰπὼν
521 1256 721 1363 ἔρριψε
763 1256 905 1338 βοὸς
945 1255 1104 1318 πόδα
1147 1248 1289 1335 χειρὶ
1332 1254 1557 1334 παχείῃ,

29 1340 284 1421 κείμενον
323 1340 388 1403 ἐκ
431 1342 660 1405 κανέοιο
706 1340 920 1424 λαβών.
967 1341 1000 1405 ὁ
1042 1339 1102 1403 δ’
1134 1338 1358 1402 ἀλεύατ’
1405 1337 1722 1411 Ὀδυσσεύς

30 1422 160 1513 ἦκα
185 1426 550 1507 παρακλίνας
591 1425 864 1509 κεφαλήν,
909 1424 1141 1506 μείδησε
1187 1421 1250 1485 δὲ
1292 1426 1467 1503 θυμῷ

31 1500 347 1591 σαρδάνιον
387 1509 554 1618 μάλα
595 1519 785 1575 τοῖον·
832 1512 867 1573 ὁ
913 1509 969 1573 δ’
1000 1508 1280 1592 εὔδμητον
1322 1508 1465 1590 βάλε
1509 1516 1719 1589 τοῖχον.

27 1595 372 1677 Κτήσιππον
414 1595 468 1659 δ’
508 1620 629 1703 αρα
680 1596 1020 1677 Τηλέμαχος
1062 1594 1309 1676 ἠνίπαπε
1352 1592 1560 1673 μύθῳ·

156 1678 473 1763 Κτήσιππ’,
518 1676 554 1761 ἦ
597 1679 760 1761 μάλα
803 1705 895 1745 τοι
938 1680 1071 1743 τόδε
1115 1679 1343 1759 κέρδιον
1388 1678 1593 1741 ἔπλετο
1620 1681 1845 1783 θυμῷ·

31 1765 135 1828 οὐκ
181 1765 386 1849 ἔβαλες
427 1765 528 1833 τὸν
571 1764 782 1841 ξεῖνον·
829 1764 1078 1829 ἀλεύατο
1123 1764 1235 1847 γὰρ
1280 1763 1449 1845 βέλος
1494 1759 1690 1834 αὐτός.

31 1846 65 1931 ἦ
109 1850 218 1934 γάρ
261 1850 358 1915 κέν
404 1874 468 1914 σε
509 1851 686 1954 μέσον
729 1850 910 1934 βάλον
951 1849 1105 1933 ἔγχει
1142 1848 1417 1923 ὀξυόεντι,

29 1935 138 1999 καί
173 1936 250 1999 κε’
281 1960 374 1999 τοι
418 1931 542 1999 ἀντι
587 1934 800 2019 γάμοιο
843 1935 1034 2043 πατὴρ
1077 1934 1271 2037 τάφον
1304 1932 1709 2038 ἀμφεπονεῖτο

29 2021 261 2086 ἐνθάδε.
307 2023 392 2102 τῷ
434 2020 512 2102 μή
553 2022 644 2093 τίς
684 2048 786 2104 μοι
828 2023 1095 2094 ἀεικείας
1135 2014 1216 2084 ένι
1264 2015 1404 2098 οἴκῳ

35 2107 327 2212 φαινέτω·
373 2105 481 2209 ἤδη
527 2106 640 2212 γὰρ
686 2108 830 2172 νοέω
875 2133 975 2172 και
1021 2106 1158 2170 οἶδα
1205 2105 1449 2178 ἕκαστα,

29 2191 221 2255 ἐσθλά
263 2215 325 2255 τε
369 2187 468 2256 καὶ
511 2193 589 2254 τὰ
632 2192 835 2294 χέρηα·
880 2191 1070 2272 πάρος
1115 2190 1167 2253 δ’
1199 2189 1284 2254 ἔτι
1326 2189 1525 2271 νήπιος
1570 2183 1669 2268 ἦα.

31 2275 150 2339 ἀλλ’
183 2276 366 2358 ἔμπης
405 2276 548 2342 τάδε
591 2301 694 2356 μεν
737 2301 838 2338 και
850 2276 1159 2380 τετλάμεν
1201 2274 1593 2355 εἰσορόωντες,

27 2361 249 2469 μήλων
268 2361 642 2444 σφαζομένων
687 2357 868 2424 οἴνοιό
910 2385 974 2424 τε
1016 2360 1343 2438 πινομένοιο

31 2441 130 2508 καὶ
179 2446 376 2510 σίτου·
422 2445 673 2530 χαλεπὸν
716 2444 827 2530 γὰρ
871 2446 1202 2525 ἐρυκακέειν
1246 2443 1346 2506 ἕνα
1394 2440 1665 2514 πολλους.

31 2531 151 2594 ἀλλ’
167 2527 294 2640 623¹&
333 2533 534 2614 μηκέτι
573 2556 677 2614 μοι
721 2529 878 2596 κακὰ
919 2531 1108 2613 ῥέζετε
1153 2530 1592 2608 δυσμενεῃοντες

28 2617 89 2679 εἰ
124 2615 184 2678 δ’
212 2621 324 2699 ηδη
365 2616 420 2699 μ’
450 2617 626 2682 αυτὸν
668 2624 886 2681 κτεῖναι
927 2615 1245 2718 μενεαίνετε
1286 2615 1501 2693 χαλκῷ,

33 2703 144 2765 καί
181 2725 250 2765 κε
291 2702 363 2768 τὸ
381 2704 736 2806 βουλοίμην,
783 2699 894 2766 καί
929 2722 1024 2764 κεν
1065 2697 1214 2764 πολὺ
1256 2699 1486 2804 κερδιον
1526 2691 1615 2776 εἴη

31 2785 322 2869 τεθνάμεν
365 2782 399 2869 ἢ
444 2787 582 2852 τάδε
625 2785 670 2870 γ’
699 2783 824 2852 αι’ὲν
866 2785 1067 2850 ἀεικέα
1112 2781 1218 2868 ἔργ’
1246 2782 1573 2863 ὁράασθαι,

33 2870 259 2944 ξείνους
301 2896 366 2937 τε
411 2873 934 2953 στυφελιζομένους,
981 2869 1182 2953 δμωάς
1224 2893 1287 2932 τε
1330 2875 1607 2950 γυναῖκας

33 2957 433 3064 ῥυστάζοντας
477 2956 780 3028 ἀεικελίως
822 2955 976 3020 κατὰ
1021 2956 1269 3036 δωματα
1311 2951 1609 3020 καλά..

148 3037 270 3114 Ὣς
313 3042 518 3150 εφαθ’,
565 3067 622 3106 οι
667 3040 723 3102 δ’
751 3041 870 3124 ἀρα
915 3040 1126 3113 πάντες
1173 3037 1317 3122 ἀκην
1358 3038 1617 3124 ἐγένοντο
1670 3038 1881 3118 σιωπῇ.

31 3126 146 3209 ὀψὲ
195 3125 264 3193 δε
308 3127 378 3209 δὴ
419 3127 695 3230 μετέειπε
719 3128 1172 3228 Δαμαστορίδης
1199 3124 1512 3208 Ἀγέλαος·

147 3211 235 3273 Ὦ
284 3213 463 3295 φίλοι,
509 3237 614 3276 ουκ
659 3207 730 3275 ἂν
772 3213 844 3293 δὴ
886 3237 976 3283 τις
1019 3208 1112 3276 ε’πι
1157 3212 1393 3294 ῥηθέντι
1436 3209 1644 3289 δικαίῳ

29 3297 325 3383 ἀντιβίοις
369 3299 600 3362 ε’πέεσσι
643 3296 1092 3377 καθαπτόμενος
1132 3295 1499 3400 χαλεπαίνοι·

31 3387 174 3466 μήτε
220 3408 283 3448 τι
325 3383 427 3448 τὸν
469 3383 653 3458 ξεῖνον
686 3383 1054 3488 στυφελίζετε
1096 3381 1235 3460 μήτε
1277 3379 1375 3442 τιν’
1404 3376 1579 3442 αλλον

33 3469 272 3549 δμωων,
319 3465 376 3534 οἳ
419 3469 575 3532 κατὰ
617 3465 834 3547 δώματ’
880 3466 1204 3544 Ὀδυσσηος
1244 3463 1457 3526 θείοιο.
1600 3526 1605 3530 ,

39 3552 373 3664 Τηλεμάχῳ
417 3555 490 3617 δέ
523 3577 586 3616 κε
626 3555 818 3635 μῦθον
861 3550 972 3657 ε’]οὸ
1017 3576 1116 3614 και
1157 3548 1361 3629 μητέρι
1402 3546 1581 3628 φαίην

33 3637 229 3720 ἤπιον,
276 3636 340 3703 εἴ
375 3647 568 3774 σφωϊν
605 3639 816 3722 κραδίη
861 3642 1000 3702 αδοι
1041 3632 1435 3719 ἀμφοτέροιιν.

1871 205 1995 270 1⁰3

2041 916 2171 979 295
2192 918 2199 924 ’

2049 2185 2183 2256 310

2054 2605 2185 2676 316

2053 3453 2185 3526 32⁶
