2459 4000
516 187 560 246 6
1260 184 1718 247 ODYSSEAE

351 303 472 366 llo
515 301 584 363 αἱ
621 298 726 380 μὲν
755 300 912 405 πρὸς
955 299 1191 379 Βορέαο
1234 294 1589 398 καταιβαταὶ
1634 297 2051 378 ἀνθρώποισιν,

519 386 586 447 αἱ
626 386 678 447 δ’
709 381 784 448 αὖ
827 385 975 463 πρὸς
1015 385 1218 448 Λότου
1260 380 1367 446 εισὶ
1414 385 1725 464 θεώτεραι·
1772 383 1915 446 ουδέ
1952 408 2001 444 τι
2048 383 2201 464 κείν-η

518 473 724 550 ἄνδρες
765 471 1112 551 ἐσέρχονται,
1157 469 1280 532 ἀλλ’
1308 469 1631 532 ἀθανάτων
1668 469 1811 538 ὁδός
1852 469 2020 531 ἐστιν.

640 555 794 618 ”Ἐνθ
823 553 892 618 οἶ
921 553 967 636 γ’
993 555 1302 618 εἰσελασαν
1341 550 1477 632 πρὶν
1516 554 1751 624 εἰδότες.
1798 554 1834 633 ἢ
1874 553 1977 634 μὲν
2018 554 2219 616 ἔπειτα

445 653 452 660 ’
517 642 735 721 ήπείρφ
779 623 1092 714 ἐπέιιελῧεν,
1139 636 1283 702 ὅσον
1322 640 1367 702 τ’
1396 635 1491 702 ἐπὶ
1535 636 1708 719 ἥμισυ
1750 638 1961 718 πάσης,

349 727 502 804 115

517 727 894 806 σπερχομένη·
937 725 1112 788 τοίων
1153 725 1265 808 γὰρ
1306 725 1561 830 ἐπείγετο
1604 722 1749 804 χέρᾶ
1778 723 2060 805 ἐρετάων·

517 810 580 874 οἱ
618 809 670 871 δ’
699 811 762 872 ἐκ
803 809 937 890 νηὸς
979 810 1184 891 βάντες
1225 810 1457 892 ε’ὐζῦγου
1476 807 1795 916 ἤπειρόνδε

511 899 744 1000 πρῶτον
779 895 1078 975 Ὀδυσσῆα
1121 897 1419 995 γλαφυρῆς
1460 894 1525 957 ἐκ
1566 895 1701 974 νηὸς
1744 891 1945 975 ἄειραν

518 979 676 1059 αυτῷ
719 979 821 1042 οὖν
861 1004 923 1042 τε
965 980 1102 1057 λίνῳ
1145 1005 1247 1042 και
1288 979 1452 1061 ρήγει
1486 979 1821 1061 σιγαλόεντι,

518 1065 632 1128 κὰδ
676 1064 732 1126 δ’
765 1062 858 1170 ἄρ’
885 1058 980 1126 ἐπι
1023 1064 1301 1145 ψαμάθῳ
1346 1064 1565 1170 ἔθεσαν
1604 1064 1949 1168 δεδμημένον
1989 1059 2169 1142 ὕπνῳ,

1280 1147 1307 1166 0

351 1149 476 1212 120
517 1153 582 1212 ἐκ
630 1147 694 1212 δὲ
737 1148 967 1230 κτήματ’
998 1146 1218 1230 ἄειραν,
1264 1174 1306 1211 α
1350 1149 1413 1212 οἱ
1460 1150 1719 1229 Φαίηκες
1760 1147 2009 1232 ἀγαυοί

351 1573 470 1635 125

351 1997 472 2059 130

353 2421 472 2483 135

349 2842 470 2905 140

348 3266 464 3341 145

517 1258 767 1297 ωπασαν
809 1231 1006 1296 οἴκαδ’
1037 1234 1182 1296 ἰόντι
1226 1235 1326 1297 διὰ
1366 1233 1701 1316 μεγάθυμον
1734 1234 1995 1338 Ἀθήνην.

515 1314 615 1382 καὶ
657 1318 733 1380 τὰ
773 1317 876 1398 μὲν
920 1313 1020 1381 οὖν
1061 1320 1227 1400 παρὰ
1268 1317 1508 1400 πυθμέν’
1536 1321 1733 1399 ἐλαίης
1774 1319 1981 1400 ἁθρόα
2022 1320 2223 1396 θῐκαν

515 1402 682 1475 ἐκτὸς
721 1403 879 1478 ὁδοῦ,
922 1403 999 1484 μή
1043 1405 1155 1466 πού
1195 1431 1285 1476 τις
1328 1405 1577 1469 ὁδιτάων
1618 1403 1967 1484 ἀνθρώπων,

518 1491 650 1591 πρίν
664 1486 736 1588 γ’
779 1486 1022 1568 Ὀδυσῆ’
1050 1489 1345 1572 ἔγρεσθαι,
1390 1489 1654 1553 ἐπελθὸν
1696 1489 2039 1594 δηλήσαιτο·

518 1567 683 1636 αὐτοὶ
728 1573 783 1634 δ’
815 1569 935 1636 ἀντ’
963 1573 1184 1637 οἶκόνδε
1205 1576 1401 1650 πάλιν
1443 1577 1582 1639 κίον.
1630 1574 1765 1638 οὐδ’
1796 1576 2110 1654 ἐνοσίχθων

517 1657 704 1738 λήθετ’
735 1656 1045 1734 ἀπειλάων,
1091 1660 1202 1731 τὰς
1246 1661 1503 1740 ἀντιθέῳ
1541 1661 1793 1741 Ὀδυσῆι
1846 1699 1867 1712 κ

517 1747 748 1824 πρῶτον
791 1745 1151 1849 ἐπηπείλησε,
1195 1746 1344 1815 Διὸς
1387 1745 1445 1807 δ’
1472 1746 1719 1848 ἐξείρετο
1762 1743 1994 1828 βουλήν·

645 1832 760 1890 Ζεῦ
800 1829 1004 1910 πάτερ,
1049 1829 1230 1893 οὐκέτ’
1264 1832 1435 1912 ἔγωγε
1476 1828 1592 1908 μετ’
1622 1830 1981 1892 ἀθανάτοισι
2022 1835 2260 1892 θεοῖσιν

519 1914 734 1992 τιμήεις
777 1913 1004 1992 ἔσομαι,
1049 1910 1146 1976 ὅτε
1187 1938 1260 1994 με
1280 1911 1502 2021 βροτοὶ
1549 1912 1616 1978 οὗ
1658 1939 1715 1978 τι
1756 1915 1990 1987 τίουσιν,

526 1999 798 2097 Φαίηκες,
843 2000 946 2061 τοί
976 2000 1084 2079 πέρ
1127 2025 1218 2063 τοι
1262 2002 1400 2081 ἐμης
1444 2002 1615 2075 ἔξεισι
1658 2002 1941 2083 γενέθλης.

519 2107 618 2144 και
663 2083 772 2165 γὰρ
814 2110 911 2147 νυν
947 2084 1186 2165 Ὀδυσῆ’
1215 2085 1440 2167 ἐφάμην
1480 2085 1636 2149 κακὰ
1680 2086 1868 2149 πολλὰ
1912 2084 2191 2149 παθόντα

519 2164 717 2230 οἴκαδ’
747 2167 1122 2233 ἐλεύσεσθαι·
1165 2170 1370 2235 νόστον
1412 2172 1484 2233 δέ
1520 2171 1583 2235 οἱ
1624 2196 1691 2234 ου
1734 2171 1858 2234 ποτ’
1892 2169 2169 2250 ἀπηύρων

518 2251 724 2335 πάγχυ,
769 2248 892 2318 ἐπει
937 2255 1010 2319 σὺ
1053 2259 1283 2338 πρῶτον
1324 2256 1569 2357 υπέσχεο
1614 2251 1713 2319 καὶ
1758 2258 1990 2319 κατένευ
1996 2280 2122 2327 σας.

522 2336 583 2398 οἱ
625 2337 684 2399 δ’
711 2334 923 2402 ευδοντ’
954 2342 1015 2404 ἐν
1055 2346 1147 2421 νηῒ
1186 2344 1308 2421 θοῇ
1354 2336 1448 2405 ἐπὶ
1494 2342 1702 2405 πόντον
1724 2339 1980 2446 ἄγοντες

519 2422 820 2486 κάτθεσαν
860 2425 943 2486 εἰν
968 2425 1199 2507 Ἰθάκη,
1244 2426 1457 2491 εδοσαν
1500 2428 1573 2491 δέ
1612 2452 1669 2489 οι
1712 2424 1941 2489 άσπετα
1984 2428 2169 2505 δῶρα,

517 2508 730 2587 χαλκόν
772 2534 834 2572 τε
875 2510 1086 2614 χρυσόν
1127 2537 1190 2576 τε
1236 2510 1366 2584 αλις
1411 2513 1638 2606 ἐσθῆτά
1680 2510 1744 2574 θ’
1770 2510 2041 2593 ὑφαντὴν»

515 2592 699 2667 πόλλ,
749 2591 832 2656 ὅσ’
861 2592 933 2657 ἀν
975 2596 1120 2660 ουδιί
1155 2616 1299 2661 ποτε
1352 2599 1569 2703 Τροίης
1586 2588 1835 2678 ἐξήρατ’
1885 2594 2219 2670 Ὀδυσσεύς,

517 2676 578 2739 εἴ
610 2703 719 2759 περ
766 2680 1009 2784 ἀπήμων
1051 2677 1217 2763 ἦλθε,
1265 2682 1457 2764 λαχων
1503 2682 1622 2747 ἀπὸ
1666 2684 1862 2762 ληΐδος
1906 2680 2100 2743 αἶσαν.

657 2764 777 2825 Τὸν
823 2766 878 2825 δ’
906 2766 1369 2873 ἀπαμειβόμενος
1410 2769 1674 2847 προσέφη
1718 2768 2120 2849 νεφεληγερέτα
2166 2766 2345 2839 Ζεύς·

515 2840 560 2904 ὠ
607 2846 805 2921 πόποι,
851 2852 1144 2933 ἐννοσιγαι
1175 2852 1567 2932 εὐρυσθενές,
1584 2850 1707 2916 οἷον
1751 2853 1949 2923 ἔειπες.
2002 2880 2009 2890 ·

517 2955 584 2991 ου
628 2932 692 2992 τί
731 2932 777 2992 σ’
809 2932 1149 3013 ἀτιμάζουσι
1191 2938 1358 2999 θεοί·
1404 2936 1655 3017 χαλεπὸν
1698 2939 1767 2998 δέ
1806 2962 1899 2999 κεν
1941 2934 2028 3015 ειη

513 3015 905 3095 πρεσβύτατον
949 3045 1046 3080 και
1093 3018 1336 3099 ἄριστον
1380 3022 1665 3123 ἀτιμίῃσιν
1710 3022 1937 3084 ι’άλλειν.
2394 3070 2396 3075 -

517 3097 741 3180 ἀνδρῶν
785 3102 842 3163 6’
877 3101 939 3165 εἴ
971 3106 1081 3206 πέρ
1126 3107 1214 3177 τίς
1256 3130 1322 3167 σε
1367 3109 1463 3207 βίη
1506 3132 1605 3169 και
1654 3107 1857 3187 κάρτεϊ
1892 3106 2061 3170 εἴκων
2394 3116 2396 3183 ff

517 3209 585 3246 ου
629 3210 684 3246 τι
729 3186 850 3260 τίει,
897 3183 990 3251 σοὶ
1036 3192 1088 3250 δ’
1123 3190 1245 3253 ἔστι
1291 3188 1390 3254 καὶ
1435 3193 1689 3267 ἐξοπίσω
1731 3194 1879 3264 τίσις
1924 3193 2056 3254 αιεί.

510 3269 692 3351 ἔρξον,
740 3268 899 3343 ὅπως
943 3274 1163 3346 ἐθέλεις
1207 3277 1318 3339 καί
1354 3301 1443 3341 τοι
1488 3278 1655 3360 φίλον
1700 3279 1899 3341 ἔπλετο
1944 3282 2137 3357 θυμῷ.
2394 3224 2397 3377 ι

649 3354 770 3417 Τὸν
812 3358 870 3419 6'
875 3357 1134 3463 ἠμείβετ’
1168 3361 1363 3425 ἔπειτα
1409 3363 1755 3428 Ποσειδάων
1798 3362 2144 3441 ἐνοσίχθων·

513 3438 668 3513 αἶψά
711 3440 756 3502 κ’
792 3442 932 3525 ἐγὼν
945 3445 1219 3553 ἔρξαιμι,
1268 3450 1617 3532 κελαινεφές,
1665 3450 1749 3520 ὡς
1790 3446 2116 3529 ἀγορευεις·
2392 3508 2394 3511 ι

511 3520 664 3585 ἀλλα
695 3526 807 3629 σὸν
852 3523 964 3591 αιἐι
1009 3533 1200 3613 θυμὸν
1244 3533 1517 3616 ὀπίζομαι
1558 3534 1663 3615 ἡδ’
1686 3534 1937 3597 ἀλεείνω.
2392 3532 2394 3543 ³

513 3607 607 3666 νῦν
651 3632 723 3670 αυ
775 3613 1046 3692 Φαιήκων
1090 3620 1277 3681 imm
1324 3620 1673 3700 περικαλλέα
1716 3622 1843 3696 νῆα,
2392 3546 2395 3726 Ι
