2459 4000
442 152 528 223 34
1119 142 1565 211 ODYSSEAE

438 267 586 329 πᾶσι
629 264 753 330 κατ’
785 263 1027 360 αὐχένας
1069 261 1170 345 ἦξε
1207 257 1316 326 καὶ
1360 262 1615 327 ἔκτανεν·
1662 264 1723 327 οἱ
1762 263 1810 326 δ’
1842 264 2109 345 ἐκέχυντο

270 350 400 414 540
439 350 658 431 ἀθρόοι
701 351 760 411 ἐν
801 348 1089 431 μεγάροις,
1137 350 1169 413 5
1213 348 1263 410 δ’
1302 345 1363 419 ἐς
1403 349 1626 429 αἰθέρα
1672 354 1805 412 δῖαν
1850 349 2061 431 ἀέρθη.

445 434 632 535 αὐτὰρ
677 434 786 517 ἐγὼ
831 438 1033 497 κλαῖον
1075 429 1174 497 καὶ
1219 432 1471 496 ἐκώκυον
1514 433 1572 495 ἔν
1616 456 1721 509 περ
1768 434 1985 515 ὀνείρῳ,

443 514 594 601 ἀμφὶ
638 518 748 581 6²¹
714 518 791 598 εμ’
832 518 1178 621 ἠγερέθοντο
1219 518 1637 597 ε’ὓπλοκάμιδες
1664 518 1913 601 Ἀχαιαί,

337 614 342 622 ’
441 602 613 683 οἴκτρ’
645 602 1093 711 ὀλοφυρομένην,
1137 601 1172 667 5
1213 628 1317 683 μοι
1360 602 1552 673 αἰετὸς
1596 604 1794 667 ἔκτανε
1834 609 2029 685 χῆνας.

443 684 572 773 ἂψ
579 688 626 751 6
665 688 857 752 ἐλθὼν
899 686 1022 751 κατ’
1053 686 1142 769 ἀρ
1171 687 1301 761 ἕζετ’
1334 682 1425 751 ἐπὶ
1468 712 1773 771 προυχοντι
1814 689 2121 770 μελάθρῳ,

271 775 397 837 545-
440 776 601 858 φωνῇ
647 770 710 836 δὲ
753 775 959 857 βροτέῃ
1003 772 1331 855 κατερήτυε,
1378 773 1637 852 φώνησέν
1680 796 1771 836 τε·

576 858 816 964 Θάρσει,
856 858 1114 963 Ἰκαρίου
1159 856 1337 963 κούρη
1380 862 1789 937 τηλεκλειτοῖο·

378 984 384 998 x
440 941 546 1007 οὐκ
591 940 755 1050 ὄναρ,
799 942 921 1013 ἀλλ’
947 968 1106 1027 υπαρ
1147 942 1383 1016 ἐσθλόν,
1430 940 1465 1004 5
1506 967 1599 1006 τοι
1624 944 2035 1024 τετελεσμένον
2080 943 2270 1007 ἔσται.

441 1032 602 1111 χῆνες
643 1027 746 1110 μὲν
785 1031 1114 1135 μνηστῆρες,
1159 1028 1269 1110 ἐγώ
1318 1028 1390 1089 δέ
1422 1051 1515 1091 τοι
1557 1028 1751 1099 αιετὸς
1795 1027 1953 1111 ὅρνις

439 1112 518 1197 ἦα
561 1111 772 1196 πάρος,
813 1117 910 1177 νῦν
953 1110 1094 1177 αὖτε
1135 1113 1265 1183 τεὸς
1310 1112 1480 1183 πόσις
1522 1112 1859 1193 εἰλήλουθα,

269 1198 466 1263 550““
441 1223 506 1271 ος
549 1201 698 1263 πᾶσι
737 1201 1081 1279 μνηστῆρσιν
1124 1198 1327 1261 ἀεικέα
1368 1196 1587 1278 πότμον
1630 1198 1843 1279 ἐφήσω.

557 1280 669 1354 Ὣς
713 1282 900 1366 ἔφατ’,
947 1282 1136 1364 αὐτὰρ
1179 1281 1279 1363 ἐμὲ
1322 1283 1588 1365 μελιηδὴς
1628 1307 1805 1353 υπνος
1852 1282 2086 1363 ἀνῆκεν·

437 1367 790 1449 παπτήνασα
834 1366 898 1431 δὲ
939 1371 1113 1449 χῆνας
1155 1364 1235 1431 ἐνὶ
1278 1368 1577 1451 μεγάροισι
1616 1368 1797 1449 νόησα
1971 1408 1977 1414 -

437 1452 620 1535 πυρὸν
661 1452 1076 1537 ἐρεπτομένους
1111 1454 1277 1533 παρὰ
1320 1453 1545 1527 πύελον,
1590 1450 1685 1534 ᾗχι
1728 1452 1916 1534 πάρος
1958 1474 2089 1530 περ.

215 1600 224 1609 „
567 1535 690 1601 Τὸν
733 1538 786 1600 δ’
805 1537 1280 1645 ἀπαμειβόμενος
1322 1539 1585 1620 προσέφη
1628 1538 1941 1619 πολύμητις
1981 1536 2331 1609 Ὀδυσσευς·

239 1622 418 1686 -555
447 1618 496 1683 ὦ
539 1622 717 1708 γύναι,
765 1648 844 1689 ου
876 1647 1004 1695 πως
1045 1624 1200 1688 ἔστιν
1240 1623 1673 1705 υποκρίνασθαι
1716 1622 1933 1704 ὄνειρον

249 1727 263 1732 ·
443 1704 608 1799 αλλῃ
631 1708 990 1773 ἀποκλίναντ’
1001 1754 1018 1782 ,
1063 1707 1220 1789 ἐπειή
1264 1707 1341 1792 ρά
1380 1732 1473 1771 τοι
1518 1708 1695 1781 αυτὸς
1732 1706 2045 1779 Ὀδυσσευς

436 1778 710 1874 πέφραδ’,
760 1790 920 1865 ὅπως
960 1794 1152 1857 τελέει.
1197 1797 1513 1877 μνηστῆρσι
1556 1793 1617 1857 δὲ
1629 1792 1877 1895 φαίνετ’
1932 1791 2185 1875 ολεθρος

437 1882 584 1941 πᾶσι
625 1876 785 1959 μάλ’,
831 1878 972 1941 οὐδέ
1007 1878 1080 1941 κέ
1111 1904 1199 1949 τις
1242 1879 1505 1942 θάνατον
1548 1874 1647 1940 καὶ
1692 1881 1875 1960 κῆρας
1919 1878 2135 1953 ἀλύξει.

477 1976 484 1985 “
573 1964 692 2030 Τὸν
737 1964 793 2027 δ’
823 1958 963 2027 αὖτε
961 1965 1327 2068 προσέειπε
1354 1963 1651 2046 περίφρων
1690 1963 2087 2045 Πηνελόπεια·

268 2047 400 2110 560
441 2047 597 2122 ξεῖν’,
639 2072 765 2152 ητοι
809 2046 910 2128 μὲν
957 2045 1166 2154 ὄνειροι
1211 2048 1495 2130 ἀμήχανοι
1540 2047 1927 2131 ἀκριτόμυθοι

436 2131 690 2232 γίγνοντ’,
739 2131 880 2196 οὐδέ
914 2157 970 2195 τι
1012 2132 1202 2196 πάντα
1248 2135 1522 2200 τελείεται
1544 2134 1979 2235 ἀνθρώποισιν.

440 2211 596 2280 δοιαὶ
641 2216 750 2324 γάρ
793 2241 856 2280 τε
896 2217 1076 2282 πύλαι
1121 2217 1413 2300 ἀμενηνῶν
1453 2213 1595 2282 εἰσιν
1639 2219 1903 2300 ὀνείρων·

439 2327 504 2364 αι
543 2299 647 2382 μὲν
689 2303 798 2385 γὰρ
843 2302 1110 2384 κεράεσσι
1151 2313 1500 2386 τετεύχαται,
1547 2304 1617 2368 αἱ
1656 2303 1703 2366 δ’
1733 2306 2014 2387 ελέ.φαντι

437 2388 562 2450 τῶν
597 2412 650 2450 οι
687 2388 796 2468 μέν
837 2388 883 2451 κ’
916 2388 1136 2453 ἔλθωσι
1181 2389 1281 2452 διὰ
1324 2391 1565 2472 πριστοῦ
1612 2390 1940 2472 ἐλέφαντος,

269 2471 392 2532 565
425 2495 495 2580 ¹m
531 2469 584 2546 ῥ’
613 2473 1034 2554 ἐλεφαίρονται,
1080 2474 1190 2538 ἕπε’
1219 2473 1525 2557 ἀκράαντα
1571 2476 1868 2556 φέροντες·

439 2554 494 2620 οἳ
541 2556 603 2621 δὲ
647 2559 746 2620 διά
791 2561 1008 2632 ξεστῶν
1049 2559 1274 2640 κεράων
1318 2561 1537 2624 ελθωσι
1578 2559 1818 2668 θύραζε,

437 2639 506 2705 οἷ’
537 2641 595 2725 ῥ’
623 2643 803 2747 ἔτυμα
847 2645 1162 2726 κραίνουσι,
1207 2649 1432 2728 βροτῶν
1477 2643 1573 2708 ὅτε
1614 2647 1709 2708 κέν
1752 2669 1838 2716 τις
1883 2643 2094 2726 ἴδηται.

437 2724 548 2790 ἀλλ’
585 2723 712 2808 ἐμοὶ
757 2727 862 2791 οὐκ
906 2729 1169 2794 ἐντεῦθεν
1212 2729 1415 2808 ὀΐομαι
1458 2728 1620 2795 αινὸν
1664 2727 1881 2829 ὄνειρον

439 2811 712 2917 ἐλθέμεν·
758 2809 793 2894 ἦ
839 2813 886 2878 κ’
915 2813 1220 2877 ἀσπαστὸν
1264 2809 1391 2915 ἐμοι
1433 2809 1533 2876 καὶ
1581 2810 1747 2878 παιδὶ
1792 2817 2027 2898 γένοιτο.

264 2891 389 2958 5⁷⁰
435 2891 579 2959 auo
624 2899 696 2959 δέ
730 2921 823 2961 τοι
865 2899 1026 2978 ἐρέω,
1071 2897 1145 2960 σὺ
1189 2897 1247 2959 6'
1276 2892 1353 2960 ἐνι
1396 2895 1566 2980 φρεσὶ
1611 2899 1823 2982 βάλλεο
1870 2903 2049 2980 σῆσιν.

435 2976 536 3088 ἥδε
580 2979 650 3062 δὴ
695 2981 814 3062 ἢὼς
857 2982 968 3045 εισι
1013 2981 1363 3067 δυσώνυμος,
1410 2981 1445 3064 ἧ
1486 2983 1540 3064 μ’
1579 2983 1865 3064 Ὀδυσῆος

437 3061 600 3130 οικου
646 3065 990 3148 ἀποσχήσει·
1035 3070 1132 3128 νῦν
1175 3068 1283 3148 γὰρ
1326 3069 1651 3168 καταθήσω
1700 3068 1934 3144 ἄεθλον,

434 3173 570 3224 τους
613 3152 906 3226 πελέκεας,
953 3151 1087 3223 τοὺς
1131 3161 1315 3224 κεῖνος
1359 3147 1434 3215 ἐνὶ
1480 3154 1811 3237 μεγάροισιν
1854 3156 2033 3219 ἑοῖσιν

435 3232 653 3319 ιστασχ’
703 3237 906 3342 ἑξείης,
954 3236 1230 3320 δρυόχους
1274 3234 1375 3314 ω’ς,
1424 3238 1651 3302 δώδεκα
1694 3239 1949 3311 πάντας·

263 3319 390 3382 575
435 3322 580 3394 στὰς
623 3319 734 3385 6³⁰
701 3348 734 3386 ο
777 3347 838 3404 7⁶
879 3324 1093 3388 πολλὸν
1135 3322 1345 3393 ανευθε
1390 3326 1836 3408 διαρρίπτασκεν
1878 3323 2090 3390 ὀϊστόν
2124 3357 2131 3362 ·

365 3419 370 3426 ’
431 3409 529 3470 νῦν
572 3405 634 3472 δὲ
675 3408 1086 3517 μνηστήρεσσιν
1128 3407 1349 3474 αεθλον
1391 3415 1593 3474 τοῦτον
1635 3409 1859 3516 ἐφήσω·

434 3485 503 3562 ὃς
545 3493 619 3554 δέ
644 3517 716 3556 κε
760 3493 971 3641 ᾸηιΗτατ
999 3495 1268 3574 ἐντανυση
1312 3497 1437 3577 βιὸν
1477 3497 1537 3558 ἐν
1578 3493 1925 3574 παλάμῃσιν,

436 3600 536 3638 και
581 3582 766 3708 διοίστ
795 3603 901 3659 vav
943 3582 1226 3645 πελέκεων
1272 3581 1621 3644 δυοκαίδεκα
1664 3578 1932 3655 πάντων,
