2459 4000
697 173 1018 232 LIB.XIV.
1055 169 1376 234 v.1--‘62.

41 287 214 357 αυτὸς
258 286 313 348 δ’
346 278 498 366 ἀμφι
540 286 812 350 πόδεσσιν
855 287 974 356 ἑοῖς
1017 285 1299 391 ἀράρισκε
1343 285 1567 360 πέδιλα,

41 373 294 477 τάμνων
305 373 486 451 δέρμα
529 371 738 453 βόειον,
765 371 1033 477 ε’ὒχροες.
1092 371 1152 433 οἱ
1193 369 1257 434 δὲ
1302 371 1370 452 δὴ
1415 367 1581 434 ἄλλοι

41 455 226 538 ᾤχοντ’
255 453 486 526 ἄλλυδις
527 455 707 526 ἄλλος
751 454 842 536 ἅμ’
875 455 1239 538 ἀγρομένοισι
1284 457 1527 529 σύεσσιν,

41 543 93 606 οἱ
135 551 318 623 τρεῖς·
364 541 466 604 τὸν
509 539 572 604 δὲ
617 543 889 622 τέταρτον
933 541 1298 621 ἀποπροέηκε
1340 540 1570 603 πόλινδε

41 631 136 690 σῦν
184 627 384 708 ἀγεμεν
425 629 768 706 μνηστῆρσιν
808 625 1245 707 ὑπερφιάλοισιν
1291 623 1523 707 ἀνάγκη,

41 737 152 795 owe
157 710 606 876 ιῖἶὲἰεέἱῖῗὲν
592 733 1222 901 ῗὸἓζῖξὲῗῧῖἶαὲξῖἓς
1238 709 1647 901 ’ᾤ’ἑίἰμωρ..

41 883 97 946 οἱ
137 878 236 962 μὲν
282 883 630 985 κεκληγῶτες
671 881 1018 962 ἐπέδραμον·
1067 878 1255 963 αὐτὰρ
1293 878 1607 950 Ὀδυσσεύς

41 969 194 1041 ἕζετο
240 963 565 1072 κερδοσύνη,
611 969 896 1048 σκῆπτρον
939 966 1011 1028 δέ
1048 965 1110 1028 οἱ
1150 965 1353 1028 ἔκπεσε
1394 964 1598 1046 χειρός.

41 1054 189 1118 ενθα
235 1074 330 1113 κεν
373 1045 418 1129 ᾧ
463 1051 584 1131 πὰρ
629 1053 880 1152 σταθμῷ
925 1050 1204 1114 ἀεικέλιον
1246 1049 1441 1114 πάθεν
1482 1048 1697 1132 ἄλγος·

41 1136 192 1202 ἀλλὰ
207 1135 522 1242 συβώτης
545 1161 676 1199 ωκα
715 1131 854 1200 ποσὶ
875 1143 1228 1217 κραιπνοῖσι
1270 1159 1583 1216 μετασπων

41 1220 224 1327 ἔσσυτ’
254 1219 369 1284 ἀνὰ
409 1220 728 1304 πρόθυρον,
775 1223 984 1292 σκῦτος
1027 1222 1099 1284 δέ
1135 1221 1196 1284 οἱ
1239 1221 1441 1284 ἔκπεσε
1484 1219 1688 1304 χειρός.

41 1307 173 1378 τοὺς
190 1303 316 1408 ,μὲν
360 1305 688 1388 ὁμοκλήσας
733 1309 891 1369 σεῦεν
931 1304 1108 1377 κύνας
1151 1303 1384 1377 ἄλλυδις
1428 1303 1605 1376 ἄλλον

41 1395 313 1470 πυκνῇσιν
357 1390 725 1454 λιθάδεσσιν·
773 1392 806 1454 6
849 1387 914 1453 δὲ
955 1389 1295 1496 προσέειπεν
1336 1388 1598 1496 Ιίίνακτα·

160 1473 236 1536 Ὦ
279 1476 461 1558 γέρον,
505 1471 540 1556 ἦ
585 1474 779 1557 ὀλίγον
825 1499 889 1536 σε
934 1498 1095 1544 κυνες
1139 1458 1544 1554 διεδηλήσαντο

41 1560 312 1640 ἐξαπίνης
329 1608 344 1634 ,
390 1559 500 1622 καί
535 1561 628 1623 κέν
668 1583 769 1658 μοι
811 1559 1086 1664 ἐλεγχείην
1129 1558 1460 1639 κατέχευας.

41 1673 140 1710 και
187 1645 258 1708 δέ
291 1669 393 1726 μοι
436 1642 588 1707 ἄλλα
631 1639 764 1707 θεοὶ
809 1643 992 1706 δόσαν
1036 1639 1214 1725 ἄλγεά
1258 1667 1320 1706 τε
1364 1643 1680 1724 στοναχάς
1691 1663 1781 1707 τε·
1840 1711 1845 1716 ,

41 1731 317 1794 ἀντιθέου
362 1729 472 1812 γὰρ
517 1729 767 1800 ἄνακτος
810 1725 1152 1810 ὀδυρόμενος
1197 1753 1296 1790 και
1342 1727 1562 1809 ἀχεύων

41 1811 204 1898 ἧμαι,
252 1811 514 1878 ἄλλοισιν
558 1812 621 1877 δὲ
665 1839 812 1884 συας
857 1813 1097 1883 σιάλους
1140 1811 1429 1877 ἀτιτάλλω

41 1903 302 1981 ἔδμεναι·
349 1898 536 1981 αυτὰρ
579 1907 764 1970 κεῖνος
807 1898 1137 1978 ἐελδόμενός
1180 1923 1296 1962 που
1340 1900 1559 1980 ἐδωδῆς

41 1985 266 2059 πλάζετ’
295 1984 378 2048 ἐπ’
411 1983 754 2065 ἀλλοθρόων
799 1983 1022 2067 ἀνδρῶν
1065 1983 1245 2089 δημόν
1286 2009 1348 2048 τε
1386 1983 1555 2049 πόλιν
1596 2006 1705 2059 τε,

41 2069 102 2135 εἴ
135 2096 251 2135 που
297 2071 379 2133 ἔτι
422 2070 552 2144 ζώει
595 2096 694 2133 και
741 2071 852 2153 ὁρᾷ
900 2070 1054 2152 φάος
1093 2071 1330 2151 ἠελίοιο.

41 2155 164 2221 ἀλλ’
193 2181 347 2229 επεο,
393 2152 718 2236 κλισίηνδ”’
689 2181 864 2236 ιομεν,
909 2158 1090 2238 γέρον,
1138 2153 1296 2239 ὄφρα
1341 2180 1439 2217 και
1488 2153 1680 2229 αυτός,

43 2243 208 2305 σίτου
253 2236 350 2303 καὶ
395 2266 574 2305 οινοιο
617 2240 1041 2342 κορεσσάμενος
1086 2266 1239 2304 κατα
1281 2238 1490 2320 θυμόν,

41 2350 226 2406 ειπης,
273 2324 535 2389 ὁππόθεν
571 2319 702 2387 ε’σσὶ
749 2320 846 2385 καὶ
881 2324 1129 2389 -ὁππόσα
1175 2324 1319 2405 κήδε’
1357 2326 1606 2405 ἀνέτλης.

163 2408 276 2482 Ὣς
315 2410 494 2475 εἰπων
535 2408 857 2489 κλισίηνδ’
835 2408 1083 2491 ηγὴσατο
1127 2413 1253 2479 δῖος
1294 2410 1565 2492 ὑφορβός,

43 2494 195 2560 εἷσεν
239 2496 295 2559 δ’
321 2495 657 2597 εἰσαγαγών,
699 2497 906 2577 ῥῶπας
949 2492 1008 2554 δ’
1039 2495 1272 2574 υπέχευε
1318 2495 1574 2565 δασείας,

47 2582 348 2662 ἐστόρεσεν
391 2580 446 2644 δ’
476 2575 568 2643 ἐπὶ
616 2582 796 2660 δέρμα
843 2577 1124 2649 ἰονθάδος
1168 2577 1371 2661 ἀγρίου
1417 2578 1597 2660 αἰγός,

47 2665 230 2729 αὐτοῦ
275 2664 572 2740 ἐνεύναιον,
617 2667 762 2748 μέγα
807 2658 906 2725 καὶ
951 2662 1120 2727 δασυ.
1183 2672 1349 2745 χαῖρε
1393 2662 1446 2725 δ’
1472 2662 1804 2736 Ὀδυσσευς,

45 2748 174 2813 ὅττι
215 2772 309 2828 μιν
353 2746 434 2821 ὣς
475 2750 768 2824 ὑπέδεκτο,
815 2749 1027 2819 ἔποςτ
1021 2748 1224 2832 ’ἔφατ’
1237 2797 1253 2823 ,
1301 2749 1363 2812 ἔκ
1404 2748 1450 2811 τ’
1481 2747 1781 2851 ὀνόμαζεν·

180 2833 325 2905 Ζευς
367 2858 458 2898 τοι
501 2836 648 2915 δοίη,
693 2836 855 2909 ξεῖνε,
902 2829 1000 2897 καὶ
1045 2833 1339 2898 ἀθάνατοι
1380 2828 1514 2899 θεοὶ
1560 2832 1726 2897 ἄλλοι

49 2917 86 2983 6'
130 2944 218 2984 ττι
260 2918 480 3000 μάλιστ’
505 2920 740 2993 ἕθελεις,
787 2916 874 2983 ὅτι
917 2944 988 3002 με
1029 2919 1307 3028 πρόφρων
1328 2918 1607 2993 υπέδεξο.

189 3004 312 3069 Τὸν
355 3004 411 3067 δ’
443 3004 900 3114 ἀπαμειβόμενος
938 3006 1255 3111 προσέφης,
1306 3004 1521 3086 Εὔμαιε
1567 3008 1844 3088 συβῶτα”

51 3088 207 3164 ξεῖν’,
253 3087 320 3155 οὕ
363 3115 462 3171 μοι
504 3090 675 3171 θέμις
720 3090 853 3165 ἔστ’,
900 3088 1029 3155 ουδ’
1057 3092 1117 3153 εἰ
1152 3090 1369 3155 κακίων
1412 3092 1585 3155 σέθεν
1629 3092 1813 3166 ἔλθοι,

53 3176 238 3249 ξεῖνον
281 3173 580 3257 ἀτιμησαι·
625 3175 772 3257 πρὸς
812 3175 922 3259 γὰρ
965 3175 1109 3247 Διός
1152 3176 1294 3240 εἰσιν
1337 3174 1587 3248 ἅπαντες

55 3260 240 3335 ξεῖνοί
273 3284 334 3325 τε
375 3260 600 3341 πτωχοί
634 3283 714 3323 τε.
780 3261 940 3331 δόσις
985 3262 1042 3322 δ
1079 3260 1236 3344 ολίγη
1278 3285 1339 3325 τε
1384 3263 1519 3344 φίλη
1562 3285 1625 3325 τε

53 3345 300 3449 γίγνεται
342 3346 606 3451 ἡμετέρη·
652 3346 686 3425 ἡ
731 3345 839 3428 γὰρ
885 3344 1092 3425 δμοόων
1137 3348 1267 3426 δίκη
1312 3348 1467 3410 ἐστίν

59 3424 173 3492 αι”ει
217 3430 524 3505 δειδιότων,
571 3427 654 3493 ὅτ’
661 3431 1092 3533 ,ἐπικρατέωσιν
1135 3427 1381 3501 ἄνακτες

60 3514 124 3577 οἱ
159 3516 294 3580 νέ.οι
356 3511 390 3597 ἦ
433 3515 543 3599 γὰρ
588 3519 690 3579 τοῦ
733 3540 793 3599 γε
835 3509 970 3579 θεοὶ
1018 3514 1169 3579 κατὰ
1211 3514 1419 3577 νόστον
1464 3512 1673 3593 ἔδησαν

63 3597 133 3671 ὅς
176 3624 268 3664 κεν
311 3599 390 3681 ἔμ’
419 3602 692 3675 ἐνδυκέως
739 3605 924 3687 ἐφίλει
967 3626 1064 3670 και
1113 3627 1313 3683 κτησιν
1362 3596 1635 3676 οπασσεν,

1826 135 2051 254 ἱῙε

2072 455 2159 519 25

2077 880 2165 940 30

2082 1303 2169 1368 35

2085 1728 2169 1791 40

2090 2108 2243 2217 45‘

2088 2578 2174 2643 50

2088 3004 2171 3067 55

2072 3434 2156 3495 60
