2459 4000
451 147 538 210 28
1183 149 1635 212 ODYSSEAE

452 263 658 326 νόστου
704 260 1113 342 ὑπομνήσουσα
1155 258 1254 325 καὶ
1300 262 1647 344 ὀτρυνέουσα
1692 266 1949 330 νέεσθαι.
2073 275 2097 290 “
2142 287 2159 312 ·

455 344 583 430 εὗρε
628 345 690 410 δὲ
742 349 1076 428 Τηλέμαχον
1117 343 1215 409 καὶ
1260 349 1559 428 Νέστορος
1602 349 1819 431 ἀγλαὸν
1859 350 1983 412 υἱόν

371 435 412 496 5
455 431 662 496 εὕδοντ’
693 433 752 494 ἐν
791 431 1066 512 προδόμῳ
1111 431 1409 495 Μενελάου
1454 433 1812 514 κυδαλίμοιο,

455 517 580 599 ἦτοι
623 518 976 599 Νεστορίδην
1017 522 1262 618 μαλακῷ
1306 519 1645 598 δεδμημένον
1688 517 1870 600 ὕπνῳ·

467 602 800 683 Τηλέμαχον
844 601 897 664 δ’
930 600 1033 686 οὐχ
1074 627 1250 672 υπνος
1294 601 1383 681 ἔχε
1426 603 1645 685 γλυκύς,
1692 603 1813 666 ἀλλ’
1840 598 1917 666 ε’νι
1963 609 2141 688 θυμῷ

455 687 632 750 νύκτα
677 684 744 748 δι’
783 685 1101 768 ἀμβροσίην
1141 687 1503 767 μελεδήματα
1549 687 1773 768 πατρὸς
1815 689 2035 770 ἔγειρεν.

459 772 635 856 ἀγχοῦ
680 770 736 832 δ’
767 771 1034 852 ἱσταμένη
1076 772 1343 852 προσέφη
1386 775 1713 852 γλαυκῶπις
1740 772 1985 877 Ἀθήνη·

329 857 416 920 Ῑθ
588 854 895 937 Τηλέμαχ’,
942 853 1130 918 ουκέτι
1173 855 1329 918 καλὰ
1372 855 1577 962 δόμων
1606 853 1725 920 ἄπο
1768 857 1881 938 τῆλ’
1911 857 2227 940 ἀλάλησαι,

456 939 723 1022 κτήματά
765 964 829 1003 τε
870 939 1168 1020 προλιπὼν
1211 937 1429 1020 ἄνδρας
1469 941 1513 1004 τ’
1544 943 1603 1004 ἐν
1647 950 1803 1004 σοῖσι
1846 943 2104 1023 δόμοισιν

456 1049 610 1089 ουτω
654 1024 1076 1105 υπερφιάλους·
1139 1024 1218 1105 μή
1260 1049 1351 1087 τοι
1394 1025 1546 1088 κατὰ
1591 1026 1782 1089 πάντα
1826 1026 2088 1108 φάγωσιν

455 1110 721 1191 κτήματα
769 1107 1139 1188 δασσάμενοι,
1185 1108 1256 1172 σὺ
1300 1107 1363 1173 δὲ
1406 1111 1639 1191 τηϋσίην
1684 1110 1819 1174 ὁδὸν
1863 1113 2056 1192 ἔλθῃς.

461 1193 581 1256 ἀλλ’
617 1192 814 1274 ὄτρυνε
856 1192 1101 1273 τάχιστα
1126 1195 1311 1298 ’βοὴν
1326 1194 1557 1278 ἀγαθὸν
1598 1198 1896 1259 Μενέλαον

333 1283 412 1344 15
458 1280 759 1358 πεμπέμεν,
805 1275 929 1359 ὄφρ’
960 1277 1040 1340 ἔτι
1087 1303 1237 1342 οικοι
1282 1280 1546 1360 αμύμονα
1588 1282 1805 1362 μητέρα
1848 1283 2067 1362 τε’.τμῃς

463 1362 570 1444 ἤδη
614 1360 721 1446 γάρ
765 1365 840 1444 ῥα
887 1361 1071 1443 πατήρ
1116 1388 1176 1426 τε
1221 1365 1553 1446 κασίγνητοί
1588 1389 1649 1427 τε
1694 1366 1954 1428 κέλονται

455 1447 775 1528 Εὐρυμάχῳ
818 1446 1150 1530 γήμασθαι·
1197 1450 1228 1510 ὁ
1272 1449 1380 1530 γὰρ
1421 1449 1751 1532 περιβάλλει
1795 1447 2064 1522 ἅπαντας

456 1555 781 1614 μνηστηρας
825 1532 1060 1640 δώροισι
1106 1528 1203 1594 καὶ
1250 1534 1564 1616 ἐξώφελλεν
1608 1535 1788 1598 ἔεδνα.

313 1675 329 1690 ,
454 1617 531 1698 μή
574 1616 637 1680 νύ
680 1641 734 1679 τι
778 1640 876 1679 σευ
923 1616 1118 1698 ἀέκητι
1163 1618 1353 1720 δόμων
1397 1619 1459 1680 ἐκ
1504 1623 1691 1700 κτῆμα
1738 1621 2003 1700 φέρηται.

325 1705 410 1766 2⁰
456 1701 637 1765 οἶσθα
682 1700 808 1784 γάρ,
855 1700 978 1772 οἷος
1019 1702 1212 1782 θυμὸς
1256 1698 1334 1764 ε’νὶ
1380 1702 1661 1783 στήθεσσι
1706 1705 2001 1787 γυναικός·

459 1789 644 1850 κείνου
689 1787 954 1891 βούλεται
999 1786 1156 1849 οἷκον
1199 1788 1473 1891 ὀφέλλειν,
1521 1784 1587 1860 ὅς
1633 1814 1726 1851 κεν
1772 1789 1961 1868 ὀπυίῃ,

455 1873 682 1934 παίδων
727 1867 788 1934 δὲ
833 1871 1124 1951 προτέρων
1167 1868 1267 1935 καὶ
1313 1873 1627 1977 κουριδίοιο
1674 1874 1865 1956 φίλοιο

457 1956 645 2021 ουκέτι
687 1957 964 2060 μέμνηται
1006 1956 1335 2037 τεθνηότος,
1382 1955 1513 2021 οὐδὲ
1556 1962 1831 2041 μεταλλᾷ.

456 2041 608 2105 ἀλλά
654 2040 724 2103 σύ
767 2039 811 2124 γ’
842 2040 1034 2104 ε’λθῶν
1079 2039 1255 2113 αυτὸς
1300 2044 1667 2125 ἐπιτρέψειας
1711 2043 1930 2107 ἕκαστα

328 2132 414 2193 25
460 2124 732 2230 δμωάων,
777 2120 816 2205 ἧ
857 2125 946 2196 τίς
989 2148 1079 2188 τοι
1123 2125 1331 2229 ἀρίστη
1376 2128 1642 2209 φαίνεται
1683 2128 1847 2204 εἶναι,

462 2212 547 2283 εἰς
592 2206 626 2274 ὅ
670 2210 743 2273 κέ
775 2234 867 2273 τοι
911 2208 1130 2291 φήνωσι
1173 2207 1307 2275 θεοὶ
1352 2212 1560 2295 κυδρὴν
1602 2213 1962 2296 παράκοιτιν.

460 2294 602 2359 ἄλλο
648 2296 720 2358 δέ
753 2295 851 2359 τοί
886 2320 940 2357 τι
985 2295 1122 2367 ἔπος
1165 2298 1324 2377 ἐρέω,
1374 2298 1441 2361 σὺ
1488 2296 1548 2361 δὲ
1593 2297 1801 2362 σύνθεο
1845 2300 2035 2381 θυμῷ.

458 2379 787 2465 μνηστήρων
831 2379 876 2442 σ’
903 2380 1160 2461 ἐπιτηδὲς
1205 2382 1469 2464 ἀριστῆες
1512 2383 1789 2464 λοχόωσιν

461 2470 519 2530 ἐν
561 2468 814 2548 πορθμῷ
855 2465 1096 2547 Ἰθάκης
1138 2492 1200 2530 τε
1246 2467 1477 2549 Σάμοιό
1520 2492 1581 2530 τε
1622 2468 2078 2549 παιπαλοέσσης,

325 2556 410 2620 30
460 2553 667 2633 ἱέμενοι
711 2559 941 2624 κτεῖναι,
984 2549 1118 2659 πρὶν
1158 2554 1415 2654 πατρίδα
1432 2561 1631 2660 γαῖαν
1676 2552 1928 2627 ἱκέσ.θαι

457 2638 608 2701 ἀλλά
653 2635 719 2699 τό
763 2636 804 2719 γ’
837 2662 939 2700 ουκ
987 2638 1119 2702 ὀιω·
1165 2633 1298 2719 πρὶν
1341 2639 1447 2702 καί
1483 2646 1610 2701 τινα
1654 2646 1793 2719 γαΐα
1838 2639 2078 2711 καθέξει

459 2723 683 2802 ἀνδρῶν
725 2722 1071 2804 μνηστήρων,
1120 2721 1183 2785 οἵ
1219 2747 1309 2784 τοι
1353 2724 1547 2805 βίοτον
1590 2723 1944 2787 κατέδουσιν.

459 2808 610 2870 ἀλλὰ
653 2806 790 2876 εκὰς
830 2808 1012 2887 νήσων
1056 2807 1283 2887 ἀπέχειν
1324 2808 1553 2889 εὐεργέα
1596 2831 1725 2886 νηα,
1822 2856 1827 2868 .

456 2916 612 2954 νυκτι
659 2891 717 2954 δ’
747 2891 904 2970 ὁμῶς
946 2893 1184 2955 πλείειν·
1231 2891 1445 2997 πέμψει
1492 2893 1562 2954 δέ
1597 2915 1687 2953 τοι
1732 2888 1902 2971 οὖρον
1947 2890 2199 2955 ὄπισθεν

327 2980 414 3041 35
459 2974 778 3040 ἀθανάτων
824 2974 888 3047 ὅς
932 2978 1020 3047 τίς
1063 3000 1126 3039 σε
1173 2976 1460 3056 φυλάσσει
1505 3000 1564 3038 τε
1607 2974 1809 3058 ῥύεταί
1844 3002 1924 3039 τε.

458 3059 646 3140 αυτάρ
691 3060 826 3140 ἐπήν
866 3061 1097 3165 πρώτην
1142 3058 1318 3141 ἀκτην
1354 3061 1597 3167 Ἰθάκης
1642 3062 1906 3142 ἀφίκηαι,

457 3149 568 3227 νῆα
609 3169 712 3227 μεν
753 3147 814 3218 ἐς
858 3144 1019 3209 πόλιν
1063 3145 1294 3227 ὀτρῦναι
1339 3171 1439 3209 και
1479 3145 1703 3217 πάντας
1748 3145 2034 3228 ἑταίρους,

461 3230 638 3303 αυτὸς
681 3228 744 3295 δὲ
749 3256 1068 3340 unqofvcmoe
1113 3230 1375 3313 συβωτην
1416 3231 1851 3311 εἰσαφικέσθαι,

461 3314 527 3389 ὅς
568 3342 659 3381 τοι
691 3318 812 3381 ὑῶν
852 3318 1139 3398 ἐπίουρος,
1185 3340 1343 3422 ομως
1383 3317 1455 3379 δέ
1487 3340 1578 3378 τοι
1622 3314 1763 3397 ήπια
1804 3315 1972 3378 οἶδεν.

329 3404 414 3467 40
459 3404 605 3467 ἔνθα
651 3399 715 3467 δὲ
756 3401 900 3467 νυκτ’
929 3403 1130 3467 ἀέ·σαι
1175 3400 1283 3466 τὸν
1319 3402 1375 3465 δ’
1408 3401 1637 3482 ὀτρῦναι
1680 3398 1845 3461 πόλιν
1887 3395 2029 3461 εἴσω

461 3488 719 3589 ἀγγελίην
761 3489 992 3569 ἐρέοντα
1036 3487 1336 3593 περίφρονι
1378 3483 1752 3566 Πηνελοπείῃ,

463 3569 668 3634 οὕνεκά
713 3596 768 3635 οι
812 3576 930 3643 σῶς
975 3574 1098 3636 ἐσσι
1143 3595 1243 3635 και
1286 3572 1350 3633 ἐκ
1396 3569 1595 3633 Πύλου
1641 3567 2005 3645 εἰλήλουθας.
