2459 4000
545 182 1337 248 LlB.xv.v.163-24·2.
1844 187 1931 249 33

17 315 196 364 ππως
240 292 302 356 οἱ
341 294 490 361 κατὰ
532 304 743 378 μοῖραν
782 287 1169 380 ὑποσχόμενος
1210 288 1501 362 τελεσείεν.

25 383 100 440 δε
149 377 222 440 δέ
257 377 318 441 οἱ
357 381 649 480 φρονέοντι
692 383 994 445 δοάσσατο
1029 384 1267 483 κέρδιον
1306 383 1480 446 εἶναι·

17 461 183 544 τρι-’ψ’
218 458 428 536 ἵππους
467 459 560 528 ἐπι
602 468 712 546 νῆα
753 466 905 548 θοὴν
947 460 1047 529 καὶ
1091 474 1236 530 θῖνα
1278 468 1648 549 θαλάσσης,
1726 469 1739 478 ’
1977 473 2105 536 20⁵

17 553 70 628 ῑῒ
112 546 176 608 δ’
207 541 286 608 ε’νι
330 547 548 630 πρύμνῃ
593 551 854 624 ἐξαίνυτο
899 550 1151 632 κάλλιμα
1193 553 1379 634 δῶρα,
1861 603 1865 608 .

17 635 210 737 ῐθῆτα
252 633 460 713 χρυσόν
501 659 580 708 τε,
625 635 698 697 τά
743 636 804 698 οἱ
844 637 1144 704 Μενέλαος
1185 635 1430 698 ἔδωκεν·

17 718 86 780 αι’
122 741 221 798 μιν
263 717 580 800 ἐποτρύνων
621 721 764 783 ἔπεα
804 719 1114 800 πτερόεντα
1155 721 1493 802 προσηύδα·

108 806 354 881 Σπουδῇ
401 807 498 866 νῦν
541 803 833 887 ἀνάβαινε,
878 807 1077 870 κέλευέ
1109 829 1170 868 τε
1213 806 1439 877 πάντας
1483 806 1767 888 ἑταίρους,

17 911 108 996 ριν
155 884 252 967 ἐμὲ
296 885 490 950 οἴκαδ’
522 888 758 952 ἱκέσθαι
800 889 1154 973 ἀπαγγεῖλαί
1187 915 1251 953 τε
1266 894 1527 992 γέροντι.
1977 891 2113 956 21⁰·

17 999 40 1034 ιι
87 971 202 1056 γὰρ
246 971 356 1053 ε’γῶ
403 969 538 1035 τόδε
583 973 718 1036 οἶδα
761 975 916 1038 κατὰ
959 977 1141 1080 φρένα
1184 1000 1285 1038 και
1330 974 1483 1039 κατὰ
1525 974 1753 1056 θυμόν·

17 1055 104 1128 ἴος
151 1057 372 1120 ἐκείνου
419 1059 608 1138 θυμὸς
648 1060 940 1142 ἰἰπερβιος,
985 1057 1053 1124 οὔ
1100 1083 1164 1122 σε
1205 1060 1471 1140 μεθήσει,

17 1141 101 1205 λλ’
134 1139 311 1212 αυτὸς
355 1145 575 1247 καλέων
619 1144 766 1226 δευρ’
791 1143 1028 1219 εἴσεται,
1073 1143 1215 1208 οὐδέ
1252 1145 1290 1207 ε’
1324 1170 1468 1226 φημι

17 1243 70 1310 ψ
117 1226 265 1289 ι’έναι
307 1225 524 1290 κενεόν·
565 1229 728 1311 μάλα
774 1231 910 1313 γὰρ
927 1229 1309 1311 κεχολωσεται
1356 1231 1551 1310 ἔμπης.

97 1307 213 1382 Ὣς
257 1335 375 1392 αρα
420 1313 692 1394 φωνήσας
737 1315 940 1378 ἔλασεν
983 1315 1351 1396 καλλίτριχας
1396 1339 1606 1386 ιππους
1971 1315 2101 1377 215

17 1407 75 1478 ἐψ
119 1397 358 1460 Πυλίων
399 1397 482 1468 εἰς
525 1420 694 1473 αστυ,
740 1402 907 1471 θοῶς
951 1397 1012 1461 δ’
1041 1397 1161 1478 ἄρα
1207 1399 1433 1478 δώμαθ’
1466 1423 1675 1463 ικανεν.

17 1482 328 1562 Γηλέμαχος
373 1481 428 1542 δ’
459 1483 746 1563 ἑτάροισιν
784 1482 1105 1589 ἐποτρύνων
1149 1485 1465 1546 ε’κέ·λευσεν

103 1565 464 1647 Ἑγκοσμεῖτε
506 1567 582 1630 τὰ
629 1566 812 1648 τεύχε’,
825 1569 1062 1648 ἑταῖροι,
1107 1573 1200 1648 νηῒ
1238 1569 1492 1648 μελαίνῃ,

17 1649 160 1714 ;υτοί
195 1649 242 1714 τ’
251 1650 662 1760 ἀμβαίνωμεν,
707 1677 800 1714 ινα
843 1652 1192 1754 πρήσσωμεν
1229 1653 1413 1714 ὁδοῖο.

98 1731 212 1806 Ὦς
245 1735 452 1816 ἔφαθ’,
495 1736 558 1802 οἱ.
583 1733 700 1798 δ”
660 1761 812 1836 αρα
810 1741 913 1800 τοῦ
938 1737 1100 1814 μάλα
1125 1734 1230 1817 μὲν
1257 1737 1427 1800 κλύον
1458 1735 1555 1818 ἧδ’
1585 1738 1885 1813 ἐπίθοντο,
1970 1737 2103 1800 ΞἏ)

17 1819 140 1902 ιῖψα
185 1819 240 1881 δ’
270 1818 358 1902 ἄρ’
386 1819 674 1904 εἴσβαινον
717 1816 816 1884 καὶ
859 1817 964 1886 ε’πι
996 1827 1184 1902 κληῖσι
1227 1825 1494 1895 καθῖζον.

18 1927 111 1968 τοι
155 1905 188 1967 ὁ
231 1903 336 1984 μὲν
377 1906 452 1970 τὰ
497 1914 724 1970 πονεῖτο
770 1902 870 1970 καὶ
913 1904 1127 1988 εὔχετο,
1171 1911 1285 1970 θῦε
1329 1907 1398 1968 δ’
1432 1905 1651 1988 Ἀθήνῃ

18 1993 76 2071 ἠῒ
115 1988 280 2071 πάρα
323 1991 578 2075 πρύμνῃ·
624 1992 901 2073 σχεδόθεν
943 1994 1013 2056 δέ
1051 2018 1107 2057 οι
1151 1989 1364 2073 ἤλυθεν
1406 1990 1547 2076 ἀνήρ

19 2074 325 2156 ηλεδαπός,
372 2076 619 2161 φεύγων
636 2078 699 2151 ἐξ
734 2076 961 2159 Ἄργεος
1005 2076 1188 2160 ἄνδρα
1231 2078 1551 2152 κατακτάς,
1606 2120 1613 2127 -

19 2159 216 2232 ιάντις·
263 2160 414 2245 ἀτὰρ
458 2161 641 2265 γενεήν
688 2187 747 2244 γε
796 2162 1194 2242 Μελάμποδος
1239 2164 1468 2247 ἔκγονος
1510 2160 1624 2244 ἦεν,
1972 2159 2103 2223 225

20 2269 224 2327 ςπριν
264 2246 366 2326 μέν
405 2244 530 2309 ποτ’
559 2246 712 2309 ἔναιε
756 2248 938 2327 Πύλῳ
984 2247 1083 2321 ἔνι,
1125 2251 1325 2329 μητέρι
1368 2248 1579 2329 μῆλων,

19 2331 220 2413 εφνειὸς
264 2332 537 2394 Πυλίοισι
579 2328 695 2412 μέγ’
724 2331 898 2411 ἔξοχα
945 2331 1190 2412 δώματα
1233 2333 1439 2395 ναίων·

19 2414 56 2495 ’ὴ
95 2415 228 2479 τότε
270 2414 314 2497 γ’
345 2408 534 2480 ἄλλων
578 2419 758 2495 δῆμον
801 2416 1066 2496 ἀφίκετο,
1107 2418 1365 2495 πατρίδα
1410 2417 1637 2499 φεύγων

19 2502 190 2589 νηλέα
234 2524 297 2563 τε
337 2500 694 2606 μεγάθυμον,
742 2499 1103 2605 ἀγαυότατον
1145 2500 1422 2574 ζωόντων,

19 2610 54 2655 -ς
97 2584 159 2648 οἱ
197 2585 462 2689 χρήματα
502 2584 693 2648 πολλὰ
719 2582 1080 2691 τελεσφόρον
1123 2584 1206 2655 εἰς
1250 2582 1507 2647 ἐνιαυτόν
1754 2624 1762 2629 ·
1968 2582 2098 2645 230
2145 2670 2151 2675 Ι

20 2668 96 2750 ἳχε
139 2671 275 2753 βίη.
300 2672 334 2733 ὁ
378 2666 440 2733 δὲ
481 2671 628 2741 τέως
667 2668 768 2751 μὲν
812 2664 888 2733 ε’νι
933 2668 1208 2775 μεγάροις
1256 2668 1553 2731 Φυλάκοιο

21 2758 178 2834 ῐεσμῷ
223 2757 282 2818 ἐν
322 2754 590 2839 ἀργαλέῳ
638 2757 853 2829 δέδετο,
901 2754 1121 2835 κρατέρ’
1153 2750 1335 2838 ἄλγεα
1376 2753 1637 2834 πάσχων,

21 2836 173 2902 ἕνεκα
217 2843 454 2943 Νηλῆος
497 2841 708 2943 κούρης
751 2862 896 2919 ατης
937 2863 997 2901 τε
1041 2840 1296 2922 βαρείης,

21 2922 88 3027 ἦν
132 2950 188 2988 οι
233 2921 327 2988 ε’πι
372 2949 540 3009 φρεσι
583 2929 733 3005 θῆκε
777 2924 894 2987 θεὰ
904 2927 1258 3027 δασπλῆτις
1299 2922 1497 3006 ἐρινύς.

21 3004 109 3071 ἰλλ’
142 3011 174 3071 ὁ
216 3008 317 3089 μὲν
361 3011 568 3093 ἔκφυγε
611 3012 777 3090 κῆρα,
824 3036 922 3071 και
967 3007 1144 3090 ἤλασε
1186 3012 1326 3093 βοῦς
1370 3006 1673 3091 ἐριμύκους
1974 3006 2103 3069 235
2158 3048 2165 3057 -

22 3118 52 3163 ς
92 3094 289 3158 Πύλον
333 3096 396 3159 ἐκ
449 3094 739 3175 Φυλάκης,
785 3120 883 3157 και
927 3095 1158 3158 ἐτίσατο
1203 3120 1365 3178 εργον
1408 3094 1597 3165 ἀεικές

21 3175 260 3242 ἰντίθεον
301 3182 528 3260 Νηλῆα,
573 3179 887 3261 κασιγνήτῳ
931 3178 992 3242 δὲ
1036 3188 1278 3261 γυναῖκα

21 3266 226 3351 'fyniysw
269 3266 418 3345 πρὸς
463 3262 715 3345 δώμαθ’.
763 3265 794 3327 ὁ
841 3263 899 3327 δ’
931 3263 1118 3329 ἄλλων
1161 3288 1314 3327 ικετο
1360 3256 1563 3344 δημον,

22 3348 185 3433 ἄργος
230 3350 290 3420 ἐς
337 3349 696 3433 ἱππόβοτον·
727 3348 862 3411 τόθι
907 3348 1014 3430 γάρ
1055 3348 1122 3410 νύ
1166 3373 1224 3411 οι
1268 3346 1499 3430 αἴσιμον
1540 3345 1637 3426 ἦεν

23 3436 285 3515 ναιέμεναι
327 3440 622 3499 πολλοῖσιν
664 3431 962 3497 ἀνάσσοντ’
1001 3432 1351 3536 Ἀργείοισιν.
1978 3428 2107 3491 240

23 3518 142 3583 ἔνθα
187 3518 247 3581 δ’
264 3519 444 3666 ἔγημε
487 3528 726 3604 γυναῖκα
771 3543 869 3592 και
911 3513 1196 3598 υψερεφες
1236 3517 1380 3578 θέτο
1426 3518 1613 3595 δῶμα,

23 3606 299 3677 γείνατοδ
359 3604 699 3688 Ἀντιφάτην
742 3629 840 3668 και
885 3603 1163 3676 Μάντιον,
1209 3598 1296 3663 υἷε
1340 3600 1620 3683 κραταιώ.

105 3704 276 3765 othl-28·
306 3704 368 3748 u.
1596 3714 1604 3722 '
1666 3699 1700 3753 3
