2459 4000
509 153 554 217 8
1199 156 1715 230 ODYSSEAE

337 270 466 334 100
507 267 760 341 Παλλὰς
785 268 1088 352 Ἀθηναίη,
1132 271 1311 354 κούρη
1354 270 1516 344 Διός,
1564 215 1721 377 ὄφρά
1765 293 1861 350 μιν
1902 266 2083 334 αὗτόν
2200 311 2217 323 α
2405 265 2406 332 Ῑ

513 353 804 461 ἄγνωστον
844 353 1086 429 τεύξειεν
1127 355 1350 421 ἕκαστά
1391 379 1455 419 τε
1495 354 1849 436 μυθήσαιτο,
2405 373 2406 410 ¹

509 437 610 542 μή
625 465 724 521 μιν
767 434 898 522 πρὶν
941 438 1154 521 ἄλοχος
1195 441 1351 524 γνοίη
1397 439 1576 504 ἀστοί
1612 461 1680 503 τε
1716 439 1879 522 φίλοι
1918 461 2001 514 τε,

511 517 644 606 πρὶν
673 528 884 588 πᾶσαν
924 529 1251 607 μνηστῆρας
1291 525 1645 608 ὑπερβασίην
1684 523 1985 588 ἀποτῖσαι.

511 607 723 673 τοῦνεκ’
754 606 842 696 ἄρ’
873 608 1176 675 ἀλλοειδέα
1221 612 1563 693 φαινέσκετο
1604 608 1797 672 πάντα
1841 607 2065 683 ἄνακτι,

337 694 465 756 195
512 693 828 778 ἀτραπιτοί
861 719 924 758 τε
967 697 1249 797 διηνεκέες
1286 695 1502 776 λιμένες
1542 717 1604 757 τε
1645 693 1935 800 πάνορμοι

513 780 725 886 πέτραι
767 780 811 843 τ’
821 779 1108 885 ἠλίβατοι
1151 775 1251 842 καὶ
1296 781 1533 858 δένδρεα
1575 775 1964 859 τηλεθόωντα.
2304 831 2319 876 .
2404 795 2406 808 ²

513 867 632 946 στῆ
664 863 718 927 δ’
748 862 836 947 αρ’
866 863 1130 940 ἀναΐξας,
1173 866 1283 928 καί
1316 863 1433 969 ρ’
1402 861 1579 929 εισιδε
1622 863 1877 944 πατρίδα
1918 870 2123 946 γαῖαν·

517 947 752 1053 ᾤμωξέν
792 949 837 1012 τ’
869 949 955 1031 ἄρ’
985 950 1201 1024 ἔπειτα,
1248 974 1347 1012 και
1392 945 1439 1010 ὣ
1482 948 1795 1031 πεπλήγετο
1839 947 2013 1056 μηροί

517 1028 671 1141 χερσὶ
717 1033 1160 1141 καταπρηνεῌσσ,
1207 1032 1630 1142 ὀλοφυρόμενος
1672 1032 1731 1095 δ’
1762 1033 1901 1104 ἔπος
1943 1031 2120 1114 ηὔδα·

343 1118 474 1182 200
635 1117 715 1180 ’Ώ
760 1144 860 1199 μοι
903 1117 1031 1200 ε’γω,
1075 1121 1218 1181 τέων
1262 1116 1401 1182 αὖτε
1416 1119 1667 1225 βροτῶν
1708 1118 1771 1190 ἐς
1813 1126 1983 1201 γαῖαν
2027 1117 2252 1192 ἱκάνω,-

517 1199 553 1284 ἦ
595 1201 650 1286 ῤ’
675 1201 744 1266 οἵ
775 1201 817 1285 γ’
845 1203 1117 1286 ὑβρισταί
1149 1227 1213 1266 τε
1258 1199 1356 1267 καὶ
1368 1201 1614 1310 ἄγριοι
1636 1201 1769 1266 οὐδὲ
1814 1204 2049 1278 δίκαιοι,

515 1285 580 1369 ήὲ
625 1287 952 1370 φιλόξεινοι,
997 1288 1107 1351 καί
1144 1312 1283 1369 σφιν
1322 1287 1454 1393 νόος
1497 1282 1617 1352 ε’στι
1661 1287 1944 1368 θεουδήςς

518 1375 598 1452 πῇ
643 1373 714 1452 δη
755 1371 1020 1453 χρήματα
1060 1374 1250 1436 πολλὰ
1294 1376 1451 1455 φέρω
1494 1371 1675 1444 τάδε,·
1716 1375 1795 1454 πῆ
1838 1397 1901 1436 τε
1942 1398 2043 1436 και
2086 1371 2279 1444 αὖτός

513 1456 840 1537 πλάζομαι,·
885 1455 1008 1520 αἴθ’
1037 1456 1249 1564 ὄφελον
1289 1467 1477 1540 μεῖναι
1520 1457 1685 1540 παρὰ
1738 1457 2091 1539 Φαιήκεσσιν
2388 1485 2393 1491 ·

341 1545 467 1605 205
515 1540 719 1606 αὐτου·
765 1541 875 1647 ἐγὼ
917 1543 989 1605 δέ
1022 1567 1117 1606 κεν
1159 1541 1339 1608 ἄλλον
1377 1544 1731 1622 ὑπερμενέων
1774 1543 2065 1626 βασιλήων
2153 1589 2158 1593 -

515 1626 794 1708 ἐξικόμην,
842 1625 907 1699 ὅς
950 1629 1044 1690 κέν
1083 1627 1137 1709 μ’
1169 1626 1351 1736 ε’φίλει
1394 1653 1495 1692 και
1540 1627 1753 1708 ἔπεμπε
1795 1629 2058 1692 νέεσθαι.
2106 1629 2116 1635 ”

517 1717 614 1776 νῦν
656 1712 714 1775 δ’
746 1710 859 1776 οὔτ’
890 1709 968 1794 ἀρ
1011 1735 1091 1791 πη
1132 1714 1364 1776 θέσθαι
1408 1715 1742 1792 ἐπίσταμαι,
1788 1710 1923 1778 οὐδὲ
1966 1701 2069 1792 μὲν
2114 1711 2307 1776 αυτοῦ

518 1798 835 1902 καλλείψω,
879 1796 959 1900 μή
1000 1795 1128 1868 πώς
1168 1822 1269 1878 μοι
1314 1798 1461 1878 ἕλωρ
1507 1793 1739 1860 ἄλλοισι
1756 1800 2024 1904 ,’γένηται.

519 1879 566 1944 ὠ
612 1880 810 1956 πόποι,
855 1879 961 1944 οὐκ
1005 1907 1124 1963 αρα
1166 1881 1359 1945 πάντα
1400 1880 1673 1964 νοήμονες
1717 1880 1849 1948 ουδε
1894 1883 2114 1946 δίκαιοι
2228 1943 2233 1946 .

300 2020 304 2029 .
341 1962 547 2033 210
514 1991 662 2048 ησαν
713 1963 988 2047 Φαιήκων
1027 1965 1297 2073 ηγήτορες
1338 1965 1439 2051 ἠδὲ
1480 1965 1764 2076 μέδοντες,

518 2050 588 2116 οἵ
617 2050 672 2133 μ’
697 2052 792 2123 εἰς.
823 2048 1001 2133 ἄλλην
1042 2061 1216 2157 γαῖαν
1262 2051 1573 2159 ἀπήγαγον.
1617 2048 1655 2135 ἦ
1697 2055 1767 2118 τέ
1801 2052 1855 2135 μ’
1882 2054 2097 2137 ἔφαντο

519 2136 677 2211 αξειν
718 2137 804 2208 εἰς
838 2136 1080 2218 Ἰθάκην
1121 2136 1420 2215 εὐδείελον,
1468 2136 1596 2203 οόδ’
1626 2139 1945 2204 ἐτέλεσσαν.

514 2222 661 2294 Ζεὺς
705 2220 915 2304 σφείας
955 2219 1174 2288 vlam&
1212 2224 1509 2327 ἱκετήσιος,
1558 2220 1623 2296 ὅς
1664 2248 1727 2287 τε
1772 2248 1871 2287 και
1916 2222 2131 2293 ἄλλους

518 2305 872 2415 ἀνθρώπους
914 2308 1121 2390 ἐφορᾷ,
1168 2335 1267 2372 και
1312 2310 1550 2386 τίνυται,
1598 2305 1664 2383 ὅς
1705 2333 1794 2381 τις
1838 2308 2084 2391 ἁμάρτῃ.

222 2391 227 2395 ’
341 2392 471 2454 215
517 2391 638 2457 ἀλλ’
667 2390 772 2475 ἄγε
817 2392 888 2475 δη
929 2393 1004 2457 τὰ
1046 2393 1279 2477 χρήματ’
1312 2394 1625 2501 ἀριθμήσω
1663 2389 1771 2459 ’καὶ
1816 2392 2053 2477 ἴδωμαι,

513 2477 591 2560 μή
631 2479 695 2541 τί
729 2503 830 2559 μοι
877 2474 1144 2560 οἴχωνται
1186 2482 1383 2562 κοίλης
1426 2477 1517 2547 ἐπὶ
1560 2482 1695 2563 νηὸς
1737 2503 1988 2585 αγοντες.

635 2559 747 2634 “Ὼς
789 2588 968 2627 ειπων
1007 2565 1291 2648 τρίποδας
1330 2567 1716 2675 περικαλλέας
1760 2562 1859 2647 ήδε
1902 2565 2149 2671 λέβητας

521 2647 760 2755 ἠρίθμει
803 2674 902 2712 και
947 2650 1156 2730 χρυσὸν
1195 2652 1428 2731 υφαντά
1470 2674 1532 2715 τε
1576 2649 1787 2732 ειματα
1832 2649 2004 2713 καλά.

516 2734 632 2795 τῶν
671 2759 774 2815 μεν
819 2731 906 2814 αρ’
939 2758 1006 2811 ου
1047 2759 1104 2798 τι
1143 2734 1351 2797 πόθει·
1400 2737 1433 2798 ὁ
1478 2734 1535 2797 δ’
1566 2734 1804 2818 ὀδύρετο
1847 2733 2105 2817 πατρίδα
2153 2742 2337 2816 γαῖαν

345 2814 479 2877 220
521 2816 774 2898 έρπυζων
815 2818 979 2898 παρὰ
1023 2826 1166 2881 θῖνα
1205 2821 1665 2902 πολυφλοίσβοιο
1710 2820 2037 2900 θαλάσσης,

519 2900 679 2964 πόλλ’
709 2900 1147 3008 ὀλοφυρόμενος.
1195 2904 1473 2984 σχεδόθεν
1514 2905 1585 2967 δέ
1622 2905 1681 2969 οἱ
1723 2901 1898 2986 ἦλθεν
1924 2901 2139 2984 Ἀθήνη

523 2980 686 3067 ἀνδρι
731 2987 913 3065 δέμας
954 2988 1142 3050 εικυῖα
1183 2990 1313 3067 νέῳ,
1357 2988 1665 3072 ἐπιβωτορι
1707 2989 1915 3071 μήλων,
2104 3012 2138 3021 ”·

523 3069 871 3151 παναπάλῳ,
918 3070 1040 3136 οἷοί
1075 3096 1138 3135 τε
1181 3072 1445 3137 ἀνάκτων
1484 3080 1694 3146 παῖδες
1739 3100 1919 3150 εασιν,

527 3156 800 3255 δίπτυχον
841 3156 982 3240 ἀμφ’
1015 3182 1257 3238 ωμοισιν
1300 3158 1479 3239 ἔχουσ’
1506 3158 1735 3244 ευεργεά
1781 3159 2010 3267 λωπην·

341 3240 475 3305 225
517 3266 696 3307 ποσσι
741 3241 794 3305 δ’
821 3244 936 3307 ὑπὸ
969 3248 1279 3323 λιπαροῖσι
1318 3245 1497 3308 πεΗδιλ
1527 3246 1633 3328 ἔχε,
1646 3272 1835 3350 χερσι
1879 3244 1936 3308 δ’
1966 3243 2205 3307 ἄκοντα.

518 3328 619 3409 τὴν
663 3326 722 3391 δ’
745 3326 1030 3401 Ὀδυσεὺς
1072 3328 1322 3413 γήθησεν
1364 3330 1520 3406 ιδων,
1566 3357 1665 3396 και
1710 3330 1963 3400 ἐναντίος
2005 3325 2221 3407 ηλθεν,

425 3412 432 3419 “
517 3413 629 3475 καί
641 3438 756 3519 μιν
799 3414 1072 3497 φωνήσας
1113 3415 1255 3479 ἔπεα
1298 3417 1605 3497 πτερόεντα
1648 3414 1979 3519 προσηύδα·

641 3492 718 3557 Ὠ
763 3500 902 3579 φίλ’,
947 3502 1077 3564 ε’πεί
1114 3525 1179 3564 σε
1220 3504 1427 3582 πρῶτα
1469 3502 1681 3582 κιχάνω
1726 3498 1863 3578 τῷδ’
1894 3492 1971 3559 ε’νὶ
2014 3521 2205 3577 χωρφ,

483 3581 696 3660 χαῖρέ
728 3606 790 3643 τε
833 3579 933 3644 καὶ
974 3584 1054 3663 μή
1093 3586 1202 3664 μοι’
1236 3608 1293 3647 τι
1336 3589 1501 3663 κακῷ
1542 3586 1655 3663 νόῳ
1699 3579 2121 3665 ἀντιβολήσαις,
