2459 4000
644 193 785 255 Lm.
811 190 961 253 xlx.
1003 173 1198 253 mlo
1231 228 1307 237 -
1332 189 1475 251 298.

57 308 144 386 τῷ
187 309 288 413 ῥα.
313 308 463 387 κακῇ
510 304 646 387 αἴσῃ
691 309 888 386 κοίλης
933 301 1032 368 ἐπὶ
1070 306 1204 386 νηὸς
1244 304 1560 376 Ὀδυσσεύς

57 390 222 473 ᾤχετ’
254 390 612 498 ἐποψόμενος
656 395 978 455 Κακοΐλιον
1023 390 1125 453 οὐκ
1173 389 1509 471 ὃνομαστὴν.

203 475 282 539 Τ
261 501 326 557 ην
367 475 424 541 δ’
453 477 915 560 ἀπαμειβόμενος
957 475 1222 557 προσέφη
1266 475 1577 556 πολύμητις
1614 476 1959 553 Ὀδυσσεύς·

61 558 112 625 ὦ
163 561 325 645 γύναι
369 563 563 643 αἰδοίη
606 562 988 643 Λαερτιάδεω
1025 562 1329 641 Ὀδυσῆος,

59 649 268 730 μηκέτι
309 672 404 710 νυν
445 648 626 728 χρόα
615 649 812 711 καλὸν
853 648 1091 727 ἐναίρεο,
1137 649 1291 726 μηδέ-
1328 670 1380 707 τι
1424 646 1612 726 θυμόν
1652 668 1656 675 ·

62 737 226 834 τῆκε,
270 732 442 796 πόσιν
482 732 734 817 γοόωσα.
780 732 1150 814 νεμεσσῶμαί
1186 754 1245 812 γε
1288 728 1390 811 μὲν
1435 730 1627 795 οὐδέν

59 813 170 881 καὶ
195 816 324 901 γάρ
369 818 458 889 τίς
499 818 542 880 τ’
577 818 810 881 ἀλλοῖον
856 817 1120 899 ὀδύρεται
1167 814 1322 899 ἄνδρ’
1355 816 1611 880 ὀλέσασα

61 904 375 984 κουρίδιον,
419 904 502 982 τῷ
545 905 712 965 τέκνα
759 906 889 982 *te-'267
936 903 1193 983 φιλότητι
1237 910 1485 984 μιγεῖσα,

63 985 101 1069 ἢ
147 987 387 1067 Ὀδυσῆ’
399 1036 416 1063 ,
462 986 528 1059 ὅν
573 1012 719 1070 φασι
761 996 929 1057 θεοῖς
973 988 1287 1093 ἐναλίχκιον
1331 986 1491 1049 εἶναι.

65 1074 228 1137 ἀλλὰ
272 1073 410 1155 γόου
451 1071 554 1155 μὲν
592 1077 836 1151 παῦσαι,
885 1075 1039 1152 ε’μειο
1088 1079 1150 1135 δε
1196 1071 1407 1135 σύνθεο
1452 1075 1671 1153 μυθον·

66 1158 393 1241 νημερτέως
433 1158 542 1243 γάρ
585 1182 678 1224 τοι
719 1159 1062 1240 μυθήσομαι
1108 1157 1236 1221 οὐδ’
1268 1157 1567 1233 ἐπικεύσω,

4 1324 7 1327 -
61 1247 152 1316 ὡς
199 1242 306 1324 ἤδη
346 1244 628 1327 Ὀδυσηος
672 1245 782 1326 ἐγὼ
828 1242 956 1326 περὶ
992 1243 1196 1307 νόστου
1234 1240 1461 1307 ἄκουσα

65 1330 271 1412 ἀγχοῦ,
326 1332 694 1410 Θεσπρωτῶν
738 1330 961 1411 ἀνδρῶν
1005 1329 1063 1391 ἐν
1106 1330 1259 1392 πίονι
1305 1328 1482 1430 δήμῳ,

64 1418 252 1488 ζωοῦ·
299 1413 486 1518 αυτάρ
531 1438 654 1496 αγει
699 1414 979 1521 κειμηλια
1002 1414 1192 1485 πολλὰ
1238 1409 1335 1477 καὶ
1383 1414 1572 1477 ἐσθλα

67 1500 306 1573 αἰτίζων
349 1497 462 1563 ἀνὰ
507 1505 700 1581 δῆμον.
749 1499 899 1582 ἀτὰρ
943 1501 1178 1608 ἐρίηρας
1222 1500 1489 1579 ἑταίρους

67 1584 253 1648 ωλεσε
297 1579 396 1647 καὶ
420 1610 548 1666 νηα
593 1587 886 1693 γλαφυρην
927 1582 1005 1649 ε’νὶ
1052 1582 1242 1647 οἴνοπι
1284 1584 1495 1662 πόντῳ,

75 1670 389 1751 Θρινακίης
433 1668 554 1769 ᾅπο
596 1670 770 1751 νήσου
819 1669 946 1735 ιὀόν·
996 1670 1280 1734 ὀδύσαντο
1330 1668 1437 1750 γὰρ
1484 1666 1646 1747 αὐτῷ

64 1756 247 1862 Ζεύς
263 1778 324 1817 τε
367 1749 468 1818 καὶ
513 1754 730 1836 ηέλιος·
777 1761 878 1820 τοῦ
922 1756 1031 1840 γὰρ
1075 1758 1226 1839 βόας
1271 1779 1441 1817 εκταν
1484 1754 1723 1836 εταῖροι.

73 1840 141 1904 οἱ
179 1836 281 1921 μὲν
323 1839 534 1911 πάντες
579 1838 782 1904 ὄλοντο
827 1842 1199 1921 πολυκλύστῳ
1247 1834 1325 1902 ἐνὶ
1368 1837 1590 1917 πόντῳ

68 1926 178 1990 τὸν
225 1924 279 1987 δ’
315 1923 404 2009 ἄρ’
432 1920 525 1988 ε’πι
570 1924 806 2010 τρόπιος
849 1927 976 1999 νεὸς
1021 1903 1228 2010 ἔκβαλε
1275 1924 1399 2006 κῦμ’
1427 1920 1519 1988 ἐπὶ
1562 1924 1789 2006 χέρσου,

78 2011 361 2092 Φαιήκων
406 2011 465 2082 ἐς
508 2021 695 2116 γαῖαν,
745 2011 798 2076 οἳ
844 2013 1110 2118 αγχί-θεοι
1155 2034 1443 2098 γεγαασιν,

69 2097 128 2162 οἳ
176 2095 245 2176 δή
287 2123 383 2178 μιν
424 2120 552 2177 περι
598 2102 727 2180 κῆρι
770 2100 912 2163 θεὸν
959 2125 1044 2172 ως
1085 2100 1398 2202 τιμήσαντο

71 2184 184 2247 καί
225 2209 280 2246 οι
325 2182 517 2246 πολλὰ
563 2183 763 2258 δόσαν,
809 2186 1051 2264 πέμπειν
1093 2186 1163 2246 τέ
1197 2209 1293 2266 μιν
1336 2164 1554 2262 ἦθελόν
1599 2179 1788 2245 αὐτοί·
1799 2240 1806 2245 .

73 2266 276 2332 οἴκαδ’
308 2267 658 2350 ἀπήμαντον.
707 2271 816 2330 καί
853 2277 946 2331 κεν
988 2270 1175 2332 παλαι
1220 2267 1427 2330 ἐνθάδ’
1474 2265 1793 2338 Ὀδυσσεύς

71 2351 212 2435 ἤην·-
257 2351 378 2418 ἀλλ’
413 2377 534 2434 αρα
577 2353 639 2415 οἱ
679 2351 746 2416 τό
789 2378 850 2436 γε
867 2353 1116 2455 κέρδιον
1159 2376 1365 2456 efflato,
1403 2355 1594 2431 θύμῳ,

77 2437 331 2542 χρηματ’
350 2437 685 2521 ἀγυρτάζειν
726 2438 940 2521 πολλὴν
983 2434 1074 2500 ἐπὶ
1095 2437 1291 2520 ’γαῖαν
1337 2435 1505 2498 ἰόντι·

73 2521 158 2595 ὣς
205 2548 334 2605 περι
379 2525 588 2604 κέρδεα
634 2523 821 2588 πολλὰ
865 2526 1248 2602 καταθνητῶν
1293 2520 1624 2626 ἀνθρώπων

74 2608 196 2673 οἶδ’
243 2607 540 2684 Ὀδυσεύς,
588 2609 720 2672 οὐδ’
751 2607 824 2672 ἄν
865 2635 952 2680 τις
995 2608 1235 2713 ε’ρίσσειε
1279 2603 1492 2688 βροτὸς
1538 2602 1732 2676 αλλος.

73 2719 160 2765 ως
202 2720 304 2775 μοι
355 2696 722 2799 Θεσπρωτῶν
763 2693 1032 2800 βασιλεὺς
1073 2690 1383 2773 μυθήσατο
1437 2691 1692 2753 Φείδων·

76 2803 268 2860 ωμνυε
313 2776 375 2842 δε
417 2778 566 2861 πρὸς
608 2778 688 2862 ἔμ’
719 2779 909 2855 αὐτόν,
956 2777 1371 2842 ἀποσπένδων
1374 2770 1451 2839 ἐνὶ
1498 2771 1657 2854 οἴκῳ,

75 2868 184 2944 νῆα
231 2862 614 2948 κατειρύσθαι
658 2860 757 2928 καὶ
802 2866 1089 2947 ἐπαρτέας
1133 2863 1312 2944 ἔμμεν’
1352 2860 1635 2942 ἑταίρους,

76 2947 132 3013 οἳ
179 2949 250 3030 δή
290 2974 386 3030 μιν
425 2951 724 3054 πέμψουσι
769 2951 937 3033 φίλην
979 2952 1039 3021 ἐς
1080 2948 1359 3056 πατρίδα
1383 2955 1572 3032 γαῖαν.

77 3033 200 3098 ἀλλ’
229 3033 328 3118 ἐμὲ
371 3058 504 3118 πριν
547 3034 882 3118 ἀπέπεμψε·
928 3035 1131 3117 τύχησε
1171 3034 1281 3116 χὰρ
1327 3034 1595 3115 ἐρχομένη
1640 3058 1774 3114 νηυς

77 3119 306 3201 ἀνδρῶν
357 3123 720 3202 Θεσπρωτῶν
764 3123 824 3193 ἐς
863 3123 1168 3202 Δουλίχιον
1209 3120 1555 3200 πολύπυρον.

75 3206 190 3270 καί
222 3230 325 3287 μοι
367 3205 598 3288 κτήματ’
629 3206 854 3282 ἔδειξεν,
901 3204 1016 3269 ὅσα
1062 3203 1410 3288 ξυναγειρατ’
1457 3167 1802 3273 Ὀδυσσεύς·

75 3290 193 3354 καί
227 3291 291 3354 νύ
335 3315 430 3354 κεν
471 3291 532 3362 ἐς
577 3290 820 3372 δεκατην
860 3291 1054 3398 γενεὴν
1097 3291 1289 3371 ετερόν
1314 3290 1374 3396 j
1403 3289 1485 3352 ἔτι
1528 3287 1751 3372 βόσκοι,

76 3373 238 3440 ὅσσα
283 3401 340 3440 οι
384 3401 444 3440 εν
483 3375 756 3481 μεγάροις
799 3373 1057 3456 κειμήλια
1103 3384 1256 3437 κεῖτο
1304 3397 1573 3443 ανακτος.

75 3461 178 3526 τὸν
223 3461 284 3523 δ’
314 3462 374 3532 ἐς
416 3460 704 3544 Δωδωνην
733 3462 886 3567 φάτο
932 3460 1185 3542 βήμεναι,
1231 3481 1387 3538 οφρα
1430 3464 1599 3520 θεοῖο

80 3548 146 3610 ἐκ
194 3547 371 3636 δρυὸς
411 3547 725 3627 υψικόμοιο
772 3546 916 3616 Διὸς
958 3543 1168 3628 βουλην
1211 3541 1554 3616 ἐπακούσαι,

85 3629 298 3703 ὅππως
339 3654 632 3716 νοστησειε
675 3633 868 3716 φίλην
884 3632 944 3703 ές
985 3629 1243 3712 πατρίδα
1286 3635 1458 3710 2ac‘av

1935 192 2021 255 87

2062 394 2191 461 260

2065 820 2197 884 265

2070 1242 2199 1307 270
2228 1260 2234 1265 ·

2072 1666 2203 1731 275

1985 2126 1988 2134 ·
2074 2057 2215 2158 286⁰

2076 2518 2204 2580 285

2077 2937 2206 3006 29'0

2080 3357 2211 3428 295·
