2459 4000
566 242 710 304 LIB.
733 244 936 307 XVIII.
973 264 1024 304 v.
1058 242 1435 304 174-253,

7 356 46 436 ἢ
97 355 158 417 δ’
189 350 266 418 αὖ
305 358 658 464 Τηλέμαχον
699 357 1115 466 προσεφώνεεν,
1161 354 1228 420 ὃν
1272 358 1441 439 φίλον
1480 356 1638 424 υἱόν·

159 441 470 546 Τηλέμαχ’,
517 444 706 508 οὐκέτι
749 469 841 508 τοι
885 445 1086 547 φρένες
1131 442 1369 522 ἔμπεδοι
1414 440 1549 507 οὐδὲ
1591 443 1798 527 νόημα.

3 535 164 599 παῖς
207 523 280 590 ἔτ’
303 525 420 590 ε’ων
460 524 561 590 καὶ
603 532 824 609 μᾶλλον
867 525 947 592 ἐνὶ
992 523 1161 633 φρεσὶ
1205 525 1391 611 κέρδε’
1420 528 1675 610 ε’νοὸμας·

3 616 110 675 νῦν
161 609 249 686 δ’,
295 607 392 675 ὅτε
435 612 504 693 δὴ
546 615 727 720 μέγας
774 606 905 677 ε’σσὶ
949 609 1048 676 καὶ
1092 610 1236 696 ἥβης
1276 612 1483 694 μέτρον
1528 614 1759 692 ἱκάνεις,

7 696 126 761 καί
168 697 265 761 κέν
306 721 394 768 τις
439 699 584 801 φαίη
629 698 792 781 γόνον
837 699 1072 780 ἔμμεναι
1115 698 1317 780 ὀλβίου
1364 697 1591 781 ἀνδρός,

7 784 69 853 ἐς
116 783 374 865 μέγεθος
417 778 516 846 καὶ
561 783 778 855 κάλλος
822 784 1126 865 ὁρώμενος,
1174 782 1483 889 ἀλλότριος
1527 784 1673 866 φύς,

11 866 213 931 οὐκέτι
256 892 344 930 τοι
391 870 590 950 φρένες
616 863 776 932 εἰσὶν
819 870 1098 950 ἐναίσιμοι
1145 867 1277 932 οὐδὲ
1320 868 1525 949 νόημα.

14 952 147 1015 οἷον
191 952 262 1033 δὴ
306 952 440 1016 τόδε
485 952 648 1035 ἔργον
691 947 768 1015 ἐνὶ
811 954 1140 1037 μεγάροισιν
1183 954 1414 1034 ἐτύχθη,

13 1035 81 1109 ὃς
126 1036 232 1101 τὸν
276 1038 458 1111 ξεῖνον
503 1038 690 1110 ἔασας
735 1036 1178 1120 ἀεικισθήμεναι
1222 1037 1427 1109 οὕτως.

11 1124 147 1193 πῶς
191 1124 307 1196 νῦν,
351 1119 412 1185 εἴ
446 1147 501 1185 τι
547 1124 732 1197 ξεῖνος
774 1124 833 1188 έν
875 1125 1195 1205 ἡμετέροισι
1242 1123 1504 1205 δόμοισιν

13 1206 228 1289 ἥμενος
273 1204 388 1270 ωδε
429 1206 622 1270 πάθοι
664 1209 1020 1315 ῥυστακτύος
1062 1210 1125 1283 ἐξ
1167 1208 1488 1293 ἀλεγεινῆςς

20 1293 128 1356 σοί
165 1291 214 1356 κ’
247 1292 450 1374 αἶσχος
463 1292 650 1399 λώβη
693 1317 756 1356 τε
797 1292 914 1376 μετ’
948 1293 1316 1377 ἀνθρώποισι
1358 1294 1611 1357 πέλοιτο.

156 1376 281 1460 Τὴν
325 1377 385 1439 δ’
417 1372 491 1440 αὖ
542 1378 883 1485 Τηλέμαχος
922 1378 1274 1460 πεπνυμένος
1318 1378 1514 1441 ἀντίον
1556 1376 1739 1459 ηύδα·

14 1465 194 1570 μῆτερ
242 1461 364 1568 ἐμή,
411 1462 478 1528 τὸ
523 1460 626 1544 μὲν
670 1460 738 1527 ού
785 1486 849 1525 σε
889 1467 1255 1566 νεμεσσῶμαι
1302 1466 1707 1545 κεχολῶσθαι·

15 1632 213 1698 ἐσθλά
258 1658 321 1697 τε
364 1627 463 1702 καὶ
507 1633 583 1696 τὰ
626 1632 833 1715 χέρηα·
877 1633 1069 1717 πάρος
1113 1632 1168 1701 δ’
1196 1633 1281 1696 ἔτι
1322 1632 1521 1715 νήπιος
1564 1630 1661 1713 ἦα.

15 1718 173 1781 ἀλλά
217 1742 310 1783 τοι
355 1718 422 1783 ού
469 1718 718 1799 δύναμαι
759 1721 1086 1798 πεπνυμένα
1127 1717 1321 1783 πάντα
1363 1720 1600 1799 νοῆσαι·

18 1805 82 1865 ἐκ
131 1802 242 1887 γάρ
285 1827 358 1884 με
398 1804 719 1885 πλήσσουσι
760 1804 1077 1911 παρήμενοι
1099 1801 1375 1868 ἄλλοθεν
1420 1802 1599 1874 ἄλλος

25 1888 152 1951 οἵδε
197 1888 355 1952 κακὰ
401 1892 754 1972 φρονεόντες,
803 1886 930 1971 ε’μοὶ
975 1891 1032 1953 δ’
1067 1889 1170 1953 οὐκ
1213 1884 1359 1955 εἰσὶν
1403 1888 1639 1971 ἀρωγοί.

19 1974 90 2037 οὐ
138 1975 242 2056 μέν
283 2000 376 2038 τοι
422 1975 607 2050 ξείνου
652 2000 712 2058 γε
757 1972 857 2040 καὶ
881 1974 1050 2080 ἴΙρου
1093 1978 1292 2058 μῶλος
1335 1973 1549 2056 ἐτύχθη

15 2059 358 2142 μνηστήρων
403 2059 600 2141 ι’ὅτητι,
645 2063 740 2144 βίη
785 2063 844 2124 δ’
875 2059 908 2127 ὅ
951 2086 1012 2145 γε
1059 2064 1345 2164 φέρτερος
1377 2057 1488 2142 ἦεν

19 2143 86 2206 αἲ
127 2144 416 2228 γάρ,Ζεῦ
460 2169 520 2209 τε
562 2145 744 2228 πάτερ
789 2173 890 2211 και
919 2145 1203 2230 Ἀθηναίη
1249 2173 1347 2209 και
1385 2143 1683 2221 Ἄπολλον,

19 2226 176 2292 οὕτω
221 2232 318 2293 νῦν
359 2235 673 2313 μνηστῆρες
717 2235 778 2295 ἐν
819 2234 1140 2313 ἡμετέροισι
1185 2231 1447 2313 δόμοισιν

13 2314 230 2377 νεύοιεν
271 2315 535 2396 κεφαλὰς
579 2320 932 2398 δεδμημένοι,
979 2317 1039 2379 οἱ
1078 2316 1178 2396 μὲν
1222 2319 1283 2380 ἐν
1325 2316 1489 2395 αυλῇ,

17 2399 80 2462 οἱ
115 2399 175 2461 δ’
207 2397 448 2463 ἔντοσθε
493 2400 716 2482 δόμοιο,
763 2405 991 2465 λελῦντο
1037 2401 1099 2465 δὲ
1141 2409 1278 2484 γυῖα
1320 2400 1591 2474 εκάστου,

15 2484 100 2554 ὡς
147 2486 246 2548 νῦν
279 2481 436 2567 Ἶρος
480 2487 694 2558 ἐκεῖνος
739 2486 822 2550 ἐπ’
855 2484 1110 2592 αὗλείησι
1151 2485 1399 2567 θύρῃσιν

15 2565 194 2648 ἧσται
239 2569 586 2644 νευστάζων
603 2575 847 2655 κεφαλῇ,
893 2571 1167 2651 μεθύοντι
1211 2568 1435 2643 εὀικοός,

11 2653 148 2718 οὐδ
177 2655 365 2737 ὀρθὸς
409 2659 606 2736 στῆναι
653 2657 894 2721 δύναται
937 2655 1126 2731 πόσίν,
1173 2653 1308 2720 οὑδὲ
1350 2656 1592 2718 νέεσθαι
1686 2693 1689 2705 ι

15 2738 220 2802 οἴκαδ’
232 2738 408 2822 ὅπῃ
455 2741 516 2804 οἱ
553 2741 778 2817 νόστος,
825 2735 946 2804 ε’πει
992 2741 1138 2824 φίλα
1181 2748 1318 2824 γυῖα
1362 2742 1641 2803 λέλυνται.

138 2821 253 2897 ’Ὦς
296 2850 353 2889 οι
392 2824 495 2908 μὲν
537 2852 782 2892 τοιαυτα
826 2827 972 2908 πρὸς
1013 2826 1297 2908 ἀλλήλους
1340 2824 1647 2908 ἀγόρευον·

19 2909 366 2992 Ευρύμαχος
411 2910 469 2974 δ’
497 2913 726 2976 ἐπέεσσι
769 2911 1072 2994 προσηύδα
1115 2911 1545 2994 Πηνελόπειαν·

150 2995 355 3078 Κούρη
394 2997 693 3104 Ἰκαρίοιο,
739 2998 1018 3079 περίφρον
1060 2997 1446 3079 Πηνελόπεια,

9 3082 74 3142 εἰ
112 3079 328 3152 πάντες
373 3102 437 3145 σε
483 3078 658 3145 ἴδοιεν
702 3083 784 3145 ἀν’
831 3081 1032 3148 Ἴασον
1062 3081 1269 3167 Ἄργος
1296 3083 1543 3166 Ἀχαιοί,

13 3166 257 3238 πλεόνές
302 3190 366 3229 κε
408 3171 723 3270 μνηστῆρες
765 3169 824 3232 έν
866 3169 1188 3250 ὑμετέροισι
1213 3167 1492 3251 δόμοισιν

11 3249 218 3332 ἠῶθεν
263 3251 542 3327 δαινύατ’,
589 3247 711 3316 ἐπεὶ
754 3255 1011 3336 περίεσσι
1053 3258 1373 3362 γυναικῶν

13 3333 178 3407 εἶδός
223 3359 285 3400 τε
325 3301 576 3443 μέγεθός
616 3360 678 3400 τε
723 3337 810 3401 ἰδὲ
853 3341 1070 3420 φρένας
1112 3339 1274 3402 ενδον
1316 3337 1501 3408 εισας.

158 3401 290 3486 Τὸν
325 3421 385 3486 δ’
385 3422 652 3529 ἠμείβετ’
683 3421 887 3530 ἔπειτα
925 3423 1216 3505 περίφρων
1259 3420 1659 3501 Πηνελόπεια·

13 3505 331 3589 Εὐρύμαχ’,
377 3504 504 3589 ἦτοι
549 3508 700 3612 ἐμην
726 3507 930 3590 ἀρετην
961 3507 1115 3577 εἶδός
1155 3531 1220 3569 τε
1265 3507 1445 3584 δέμας
1485 3529 1549 3568 τε
1642 3539 1647 3546 -

20 3591 259 3655 ὤλεσαν
304 3591 618 3668 ἀθάνατοι,
668 3589 761 3656 ὅτε
794 3591 972 3656 Ἴλιον
1014 3590 1432 3699 aio-argentam&

1 3675 276 3762 Ἀργεῖοι,
319 3676 468 3758 μετὰ
513 3687 664 3744 τοῖσι
709 3677 767 3741 δ’
801 3679 938 3758 ἐμὸς
979 3702 1150 3749 ποσις
1191 3699 1291 3756 ηεν
1329 3673 1664 3748 Ὀδυσσεύς.

1898 244 1979 306 75

2025 446 2153 508 215

2026 870 2153 935 220

2030 1292 2155 1355 225

2029 1717 2155 1780 230

2030 2143 2157 2206 235

2029 2565 2156 2630 240

2032 2967 2159 3053 2515

2026 3398 2177 3482 256
2262 3359 2267 3366 ⁸
