2459 4000
623 163 764 243 Lm.
787 125 941 224 xlx.
992 184 1045 223 v.
1075 162 1407 225 59-138.

31 280 64 343 ὃ
110 279 299 353 ξεῖνος
343 278 574 359 ε’μέθεν·
620 254 807 341 ε’θελω
854 279 924 339 δέ
957 303 1052 355 μιν
1095 278 1443 358 ἐξερέεσθαι.

153 360 264 435 ι’.Ως
309 362 510 445 ἔφαθὲ,
556 388 590 443 η
635 360 696 425 δὲ
739 360 870 466 μάλ’
901 362 1114 443 ὀτραλέ
1099 388 1187 432 -ως
1233 366 1520 445 κατέθηκε
1566 366 1832 449 φέρουσα

27 451 242 532 δίφρον
285 448 600 523 εύξεστον,’
615 442 714 511 καὶ
761 440 844 508 ἐπ’
877 447 1032 525 αὐτῷ
1078 450 1239 518 κῶας
1284 448 1545 531 ἔβαλλεν·

25 536 181 599 ἔνθα
227 532 484 606 καθέζετ’
519 532 714 595 ἔπειτα
759 530 1049 601 πολύτλας
1095 537 1219 601 δῖος
1260 532 1594 607 Ὀδυσσεύς.

25 628 185 683 τοῖσι
224 616 292 681 δὲ
335 619 539 701 μύθων
580 614 714 699 ἦρχε
758 618 1052 697 περίφρων
1093 617 1494 697 Πηνελόπεια·

165 706 347 778 Ξεῖνε,
392 702 458 766 τὸ
503 705 602 806 μέν
648 727 712 763 σε
751 705 984 807 πρῶἱῐον
1027 700 1168 783 ε’γών
1210 702 1513 785 εἰρήσομαι
1559 703 1736 807 αὐτή·

25 792 114 861 τίς
163 788 348 851 πόθεν
391 790 473 858 εἲς
519 784 778 871 ἀνδρῶν,·
821 785 970 849 πόθι
1011 812 1102 879 τοι
1133 787 1302 859 πόλις
1346 786 1445 871 ηδὲ
1488 792 1728 871 τοκῆεςς

170 874 292 954 Την
337 872 392 935 δ’
423 872 889 955 ἀπαμειβόμενος
936 870 1202 954 προσέφη
1247 874 1561 955 πολύμητις
1597 876 1943 951 Ὀδυσσεύς·

27 956 70 1021 ὦ
121 960 344 1063 γύναι,
352 957 456 1023 οὒκ
502 956 598 1021 ἄν
616 959 705 1029 τίς
750 982 813 1021 σε
856 960 1080 1039 βροτῶν
1123 958 1206 1020 ἐπ’
1238 956 1519 1041 ἀπείρονα
1562 970 1733 1045 γαῖαν

25 1046 266 1108 νεικέ·οι
313 1038 347 1126 ἦ
390 1042 498 1147 γάρ
545 1068 643 1107 σευ
689 1044 853 1113 κλέος
898 1041 1142 1125 οὐρανὸν
1175 1042 1351 1147 εὐρὺν
1396 1044 1587 1121 ἶνάνει,

27 1156 111 1201 ως
160 1131 233 1193 τέ
265 1153 362 1193 τευ
407 1124 442 1209 ἣ
484 1132 763 1211 βασιλῆος
807 1127 1118 1235 ἀμύμονος,
1167 1126 1234 1199 ὅς
1277 1154 1335 1191 τε
1377 1132 1630 1212 θεουδής

27 1213 314 1297 ἀνδράσιν
357 1214 415 1276 ἐν
456 1218 730 1277 πολλοῖσι.
767 1210 867 1277 καὶ
916 1214 1241 1296 ιφθίμοισιν
1285 1213 1554 1279 ἀνάσσων

25 1301 290 1373 εὐδικίας
333 1297 578 1401 ἀνεχησι,
608 1300 830 1407 φέρῃσι
876 1298 937 1362 δὲ
981 1307 1122 1403 γαῖα
1165 1298 1409 1379 μέλαινα

25 1386 254 1493 πυροὺς
299 1378 396 1447 καὶ
443 1384 675 1467 κριθάς,
721 1384 965 1467 βρίθῃσι
1012 1382 1074 1446 δὲ
1119 1387 1355 1488 δένδρεα
1402 1388 1625 1467 καρπῷ,

25 1474 194 1551 τίκτῃ
242 1468 296 1532 δ’
323 1470 541 1578 ἔμπεδα
584 1472 756 1571 μῆλα,
803 1468 1090 1533 θάλασσα
1136 1466 1202 1531 δὲ’
1241 1470 1459 1551 παρέχη
1490 1472 1673 1551 ι’χθῦς

27 1558 94 1631 ἐξ
143 1556 453 1637 εὐηγεσίης,
502 1534 750 1661 ἀρετωσι
796 1553 858 1617 δὲ
903 1548 1036 1617 λαοὶ
1081 1553 1172 1615 υπ’
1205 1552 1403 1617 αὐτοῦ.

22 1644 109 1721 τῷ
159 1638 258 1721 ἐμὲ
299 1666 396 1704 νυν
437 1641 512 1704 τὰ
552 1638 654 1721 μὲν
699 1636 848 1702 ἄλλα
891 1637 1148 1742 μετάλλα
1193 1642 1279 1717 σῷ
1324 1633 1402 1701 ε’νὶ
1450 1636 1612 1721 οικῳ,

28 1725 178 1834 μηδ’
209 1725 348 1808 ε’μὸν
389 1726 656 1808 ἐξερέεινε
699 1724 856 1808 γένος
900 1750 997 1787 και
1043 1723 1299 1803 πατρίδα
1344 1732 1533 1807 γαῖαν,

23 1813 107 1893 μή
155 1836 257 1894 μοι
297 1814 516 1893 μᾶλλον
559 1810 749 1893 θυμὸν
791 1809 1090 1917 ἐνιπλήσῃς
1136 1808 1393 1871 ὀδυνάων

25 1898 410 2007 μνησαμένῳ·
455 1896 616 1979 μάλα
663 1895 718 1959 δ’
757 1891 870 1977 εἰμὶ
914 1894 1287 1967 πολύστονος.
1336 1894 1477 1958 οὐδέ
1512 1894 1575 1957 τί
1608 1919 1680 1977 με
1722 1889 1827 1978 χρή

30 2009 184 2064 οικῳ
229 1984 289 2047 ἐν
333 1980 618 2090 ἀλλοτρίῳ
665 1980 924 2066 γοόωντά
969 2007 1030 2044 τε
1073 1980 1387 2088 μυρόμενόν
1429 2008 1491 2045 τε

23 2065 246 2152 ἧσθαι,
291 2063 412 2133 ἐπεὶ
457 2067 660 2134 κάκιον
705 2067 1053 2150 πενθήμεναι
1099 2092 1331 2172 ακριτον
1376 2067 1518 2130 αἰεί·

21 2153 108 2238 μή
155 2153 246 2226 τίς
287 2179 388 2234 μοι
432 2155 641 2235 δμωῶν
671 2152 1052 2259 νεμεσήσεται,
1099 2149 1163 2233 ἦὲ
1210 2151 1279 2216 σύ
1320 2153 1364 2236 γ’
1396 2151 1557 2234 αὐτή,

25 2242 116 2322 φῇ
165 2237 230 2302 δε
276 2238 671 2322 δακρυπλώειν
713 2236 1040 2332 βεβαρηότα
1084 2261 1156 2318 με
1201 2239 1413 2320 φρένας
1458 2235 1611 2320 οἴνῳ.

70 2320 82 2331 ”
170 2324 295 2388 Τὸν
340 2323 398 2386 δ’
433 2323 670 2433 ἠμείβετ’
704 2324 899 2386 ἔπειτα
943 2324 1236 2403 περίφρων
1279 2321 1677 2414 Πηνελόπεια·

21 2409 192 2486 ξεῖν’,
241 2407 368 2492 ἦτοι
410 2407 513 2491 μὲν
555 2409 707 2513 ε’μὴν
736 2406 939 2491 ἀρετὴν
983 2406 1137 2476 εἶδός
1179 2430 1240 2468 τε
1286 2407 1463 2488 δέμας
1509 2433 1567 2470 τε

23 2494 268 2560 ωλεσαν
311 2493 624 2570 ἀθάνατοι,
674 2490 768 2558 ὅτε
801 2493 977 2556 Ἴλιον
1020 2491 1411 2597 εἰσανέβαινον

4 2579 305 2688 Ἀργεῖοι,
338 2604 486 2662 μετα
531 2588 693 2644 τοῖσι
727 2579 782 2642 δ’
810 2577 948 2658 ἐμὸς
991 2600 1166 2646 ποσις
1207 2599 1304 2655 ηεν
1342 2575 1674 2646 Ὀδυσσεύς.

17 2667 88 2731 εἰ
132 2663 321 2736 κεῖνός
361 2663 407 2749 γ’
438 2665 630 2730 ε’λθὼν
671 2665 771 2730 τὸν
814 2661 950 2743 ἐμὸν
993 2662 1135 2766 βίον
1159 2659 1561 2742 ἀμφιπολεύοι,

15 2749 244 2860 μεῖζόν
283 2773 348 2814 κε
392 2751 560 2823 κλέος
604 2748 692 2832 εἴη
736 2751 872 2832 εμὸν
916 2774 1013 2812 και
1060 2745 1297 2811 κάλλιον
1339 2743 1541 2818 οὕτως.

13 2839 134 2902 νῦν
180 2836 244 2898 δ’
282 2833 532 2918 αχομαι·
578 2835 728 2900 τόσα
770 2834 880 2918 γάρ
923 2861 1024 2917 μοι
1067 2833 1366 2896 ἐπέσσευεν
1405 2832 1562 2896 κακὰ
1612 2827 1851 2914 δαιμων.

17 2919 245 3008 [ὅσσοι
287 2921 398 3006 γὰρ
441 2921 696 3006 νήσοισιν
739 2921 1170 2999 ἐπικρατέουσιν
1212 2942 1461 3000 αριστοι,

13 3007 352 3117 Δουλιχίῳ
379 3031 440 3072 τε
485 3008 660 3088 Σάμη
704 3031 766 3070 τε
809 3031 907 3068 και
951 3004 1169 3086 ὑλήεντι
1211 3003 1525 3084 Ζακύνθῳ,

17 3091 103 3160 οἵ
140 3090 189 3155 τ’
219 3118 396 3175 αυτην
431 3092 674 3174 Ἰθάκην
717 3090 997 3156 εὐδείελον
1043 3089 1474 3172 ἀμφινέμονται,

11 3176 97 3245 οἵ
135 3178 194 3260 μ’
208 3178 608 3289 ἀεκαζομένην
651 3181 918 3256 μνῶνται,
964 3176 1228 3258 τρύχουσι
1275 3174 1335 3238 δὲ
1364 3175 1561 3256 οἶκον.]

11 3268 110 3344 τῷ
169 3257 301 3328 ουτε
345 3265 542 3340 ξεινων
588 3263 917 3371 ἐμπάζομαι
962 3263 1088 3326 ουθ’
1123 3261 1383 3338 ἱκετάων,

11 3350 173 3418 οὔτε
217 3375 274 3414 τι
317 3349 594 3433 κηρύκων,
642 3373 696 3412 οι
743 3341 1065 3429 δημιοεργοὶ
1113 3346 1302 3408 ἔασιν·

15 3435 166 3503 ἀλλ’
215 3434 434 3516 Ὀδυση
476 3436 787 3499 ποθέουσα
832 3433 998 3515 φίλον
1041 3429 1437 3510 κατατήκομαι
1479 3423 1637 3510 ἦτορ.

17 3523 92 3588 οἱ
145 3519 214 3585 δὲ
259 3521 446 3605 γάμον
488 3518 862 3584 σπεύδουσιν·
910 3516 1018 3601 ε’γῶ
1067 3513 1128 3578 δὲ
1173 3515 1382 3584 δόλους
1424 3510 1739 3576 τολυπεύω.

15 3613 241 3695 φᾶρος
283 3607 388 3688 μέν
430 3630 528 3685 μοι
573 3611 801 3689 πρῶτον
845 3604 1135 3666 ἐνέπνευσε
1181 3595 1349 3683 φρεσὶ
1396 3600 1635 3680 δαίμων,

1661 3697 1697 3750 a
1730 3703 1761 3738 ει

1900 166 1982 229 83

2028 370 2149 433 100

2034 796 2153 859 105

2038 1217 2159 1279 110

2012 1626 2160 1719 f11“5

2041 2063 2161 2153 {20

2042 2477 2161 2547 125'

2045 2909 2165 2974 130

2024 3311 2165 3400 '135
