2459 4000
454 200 576 262 134
1110 198 1569 261 ODYSSEAE

445 314 610 386 ἐκτὸς
654 313 974 383 ἐϋσταθέος
1015 313 1326 393 θαλάμου,
1360 314 1458 377 τόν
1500 314 1553 395 ῥ’
1582 314 1760 384 αὐτὸς
1804 314 2018 377 ἐποίει·

445 401 593 506 ἔνθα
640 398 702 461 οἱ
739 399 1007 461 ἐκθεῖσαι
1049 399 1285 462 πυκινὸν
1326 401 1509 481 λέχος,
1554 398 1807 479 ἐμβάλετ’
1836 398 2013 479 εὐνήν,

277 485 399 550 180
443 484 601 549 κώεα
645 476 744 546 καὶ
786 482 1026 565 χλαίνας
1069 478 1169 545 καὶ
1212 483 1386 566 ῥήγεα
1432 483 1785 566 σιγαλόεντα.

564 564 678 641 Ὠς
722 565 810 677 ἄρ’
840 568 949 649 ἔφη
992 567 1198 665 πόσιος
1240 569 1585 650 πειρωμένη·
1634 568 1819 647 αὐτὰρ
1858 568 2184 641 Ὀδυσσεύς

446 652 709 761 ὀχθήσας
753 652 962 758 ἄλοχον
1001 654 1369 759 προσεφώνεε
1412 652 1585 717 κεδνά
1632 654 1848 715 ἰδυῖαν·

567 734 644 800 Ὠ
688 737 947 845 γύναι,η
911 738 1170 839 ημιὶλα,ν
1193 741 1367 802 τοῦτο
1413 739 1551 809 ἔπος
1592 736 1887 819 θυμαλγὲς
1932 739 2133 831 ἔειπες.

449 823 539 895 τίς
583 816 654 885 δέ
687 850 789 905 μοι
837 821 1048 887 ἄλλοσε
1091 825 1241 903 θῆκε
1284 824 1483 905 λε’χος,·
1525 822 1775 904 χαλεπὸν
1822 823 1897 884 δέ
1932 847 2029 885 κεν
2070 822 2162 905 εἴη

279 909 399 973 185
444 903 545 971 καὶ
585 907 716 988 μάλ’
743 910 1118 992 ἐπισταμένῳ,
1165 906 1262 974 ὅτε
1302 910 1381 990 μὴ
1424 907 1571 979 θεὸς
1612 905 1809 979 αὐτὸς
1830 907 2093 971 ἐπελθών

434 994 682 1074 ῥηϊδίως
726 994 948 1057 ἐθέλων
990 996 1125 1073 θειή
1171 992 1315 1073 αλλη
1362 987 1440 1056 ἐνι
1484 1018 1656 1075 χωρῃ.
1916 1016 1927 1027 ·

406 1078 672 1161 ’ἀνδρῶν
715 1078 776 1139 δ’
805 1104 874 1141 ου
917 1079 1014 1141 κέν
1053 1104 1140 1149 τις
1185 1080 1330 1151 ζωὸς
1372 1078 1600 1161 βροτός,
1644 1074 1777 1141 οὐδὲ
1818 1078 1948 1159 μάλ’
1978 1078 2153 1162 ἡβῶν,

445 1166 575 1245 ῥεῖα
617 1162 1026 1244 μετοχλήσειεν,
1073 1158 1194 1225 ἐπει
1238 1166 1384 1245 μέγα
1428 1168 1585 1243 σῆμα
1630 1165 1894 1227 τέτυκται

448 1250 507 1311 ἐν
549 1248 696 1328 λέχει
740 1246 1004 1327 ἀσκητῷ·
1049 1246 1116 1311 τὸ
1163 1247 1217 1310 δ’
1250 1248 1359 1331 ἐγὼ
1406 1248 1608 1329 κάμον,
1656 1247 1797 1311 οὐδέ
1833 1272 1920 1319 τις
1964 1246 2158 1321 ἄλλος.

279 1332 401 1396 190
441 1330 671 1413 θάμνος
715 1332 822 1415 ἔφυ
867 1331 1222 1416 τανύφυλλος
1264 1333 1461 1414 ἐλαίης
1504 1334 1700 1415 ἕρκεος
1742 1333 1917 1408 ἐντός,

450 1414 719 1525 ἀκμηνός,
764 1419 1074 1481 θαλέθων·
1117 1418 1368 1499 πάχετος
1412 1417 1470 1481 δ’
1498 1416 1565 1500 ἦν
1607 1419 1737 1499 ήυτε
1782 1420 1936 1482 κίων.

445 1504 527 1578 τῷ
572 1501 628 1563 δ’
659 1501 767 1585 ἐγώ
818 1502 1168 1610 ἀμφιβαλὼν
1209 1503 1485 1604 θάλαμον
1530 1498 1718 1583 δέμον,
1766 1500 1892 1584 ὄφρ’
1924 1503 2205 1567 ἐτέλεσσα

446 1588 720 1665 πυκνῇσιν
762 1587 1089 1663 λιθάδεσσι,
1135 1583 1236 1651 καὶ
1281 1584 1343 1650 εὖ
1390 1588 1769 1669 καθύπερθεν
1812 1589 2017 1670 ἔρεψα,

451 1673 734 1773 κολλητὰς
780 1672 836 1735 δ’
865 1674 1129 1754 ἐπέθηκα
1172 1672 1387 1753 θύρας,
1433 1678 1683 1744 πυκινῶς
1728 1673 2036 1754 ἀραρυίας

290 1756 410 1819 195
455 1750 556 1818 καὶ
601 1755 713 1819 τότ’
744 1756 910 1821 ἔπειτ’
940 1757 1216 1840 ἀπέκοψα
1261 1758 1438 1839 κόμην
1482 1758 1839 1839 τανυφύλλου
1886 1758 2103 1839 ἐλαιής,

445 1841 658 1948 κορμὸν
704 1842 759 1903 6
789 1845 852 1905 ἐκ
895 1844 1050 1924 ῥίζης
1093 1844 1409 1942 προταμὼν
1452 1842 1772 1947 ἀμφέξεσα
1800 1846 1997 1924 χαλκῷ

444 1922 507 1988 εὖ
551 1951 650 1988 και
693 1928 1100 2010 ἐπισταμένως,
1147 1953 1245 1991 και
1292 1925 1383 1991 ἐπὶ
1430 1928 1698 2008 στάθμην
1742 1924 1941 2002 ἴθυνα,

447 2011 616 2092 ἑρμῖν’
650 2011 929 2094 ἀσκήσας,
974 2038 1235 2094 τετρηνα
1259 2012 1321 2076 δὲ
1362 2013 1554 2076 πάντα
1598 2014 1858 2094 τερέτρῳ.

447 2097 512 2158 ἐκ
556 2094 617 2158 δε
661 2121 764 2159 του
809 2097 1122 2180 ἀρχόμενος
1166 2102 1333 2202 λέχος
1376 2097 1551 2173 ε’ξεον,
1598 2095 1725 2179 ὄφρ’
1764 2099 2055 2172 ἐτέλεσσα,

275 2181 402 2244 200
447 2178 775 2244 δαιδάλλων
814 2185 1008 2264 χρυσῷ
1052 2208 1114 2246 τε
1157 2179 1258 2246 καὶ
1306 2182 1533 2288 ἀργύρῳ
1577 2181 1672 2264 ἠδ’
1700 2182 1995 2264 ἐλέφαντι·

447 2265 512 2328 ἐκ
560 2264 620 2327 δ’
647 2267 931 2331 ἐτάνυσσα
979 2267 1186 2348 ἱμάντα
1231 2266 1375 2373 βοὸς
1420 2268 1635 2350 φοίνικι
1684 2266 1934 2348 φαεινόν.

446 2374 596 2413 ουτω
642 2373 734 2415 τοι
777 2353 910 2415 τόδε
955 2356 1111 2434 σῆμα
1153 2352 1599 2436 πιφαύσκομαι·
1648 2353 1792 2416 οὐδέ
1825 2378 1881 2416 τι
1926 2351 2083 2426 οἶδα,

422 2433 487 2540 Ιῆ
525 2462 624 2516 μοι
670 2437 741 2500 ἔτ’
772 2437 1016 2518 ἔμπεδόν
1061 2440 1212 2514 ἐστι,
1244 2440 1427 2543 γύναι,
1473 2438 1655 2518 λέχος,
1700 2437 1773 2518 ἠέ
1810 2463 1895 2508 τις
1938 2433 2046 2518 ἤδη

455 2519 678 2602 ἀνδρῶν
722 2520 934 2588 ἄλλοσε
979 2528 1145 2604 θηκε,
1190 2523 1389 2605 ταμὼν
1432 2543 1545 2586 vno
1590 2521 1829 2604 πυθμέ’ν
1860 2522 2085 2623 ἐλαιᾝης

273 2604 414 2684 205ἣ
562 2603 674 2678 Ὠς
717 2609 890 2688 φάτο,
936 2613 1038 2690 τῆς
1081 2608 1138 2672 δ’
1171 2609 1349 2673 αὐτου
1393 2606 1528 2672 λύτο
1572 2607 1822 2692 γούνατα
1867 2601 1965 2668 καὶ
2014 2606 2187 2688 φίλον
2232 2601 2392 2687 ἦτορ,

447 2690 645 2772 σήματ’
684 2692 1054 2778 ἀναγνούσης,
1098 2694 1174 2758 τά
1221 2695 1283 2758 οἱ
1325 2695 1545 2772 ἔμπεδα
1588 2690 1851 2798 πέφραδ’
1898 2692 2239 2764 Ὀδυσσεύς.

447 2775 788 2854 δακρύσασα
836 2779 892 2841 δ’
931 2777 1099 2843 επειτ’
1127 2775 1267 2852 ιθὺς
1309 2777 1539 2861 δράμεν,
1586 2773 1751 2882 ἀμφὶ
1782 2777 1844 2840 δὲ
1886 2783 2083 2883 χεῖρας

375 2935 380 2942 ί
448 2865 602 2941 δειρῇ
647 2861 802 2943 βάλλ’
851 2862 1107 2968 ’9δυσῆὶ,
1153 2863 1303 2945 κάρη
1351 2864 1407 2927 δ’
1435 2863 1609 2937 ἔκυσᾎ
1656 2859 1753 2943 ηδὲ
1796 2860 2153 2968 προσηύδαλ

577 2946 678 3025 Μή
719 2973 837 3028 μοι,
877 2947 1181 3023 Ὀδυσσεῦ,
1227 2949 1447 3023 σκύζευ,
1494 2943 1615 3011 ἐπεὶ
1658 2947 1736 3010 τά
1775 2972 1883 3030 περ
1930 2943 2084 3010 αλλα
2126 2943 2387 3030 μάλιστα

274 3030 400 3092 210
445 3028 777 3138 ἀνθρώπων
817 3033 1104 3096 πέπνυσο·
1150 3027 1283 3095 θεοι
1330 3033 1388 3096 δ’
1420 3027 1653 3106 ωπαζον
1697 3032 1868 3108 ὀιζύν,

447 3112 501 3177 οἳ
544 3116 679 3180 νῶϊν
722 3116 1022 3199 ἀγάσαντο
1039 3115 1196 3224 παρ’
1225 3115 1527 3198 ἀλλήλοισι
1568 3120 1795 3199 μένοντε

443 3197 585 3306 ἦὲης
626 3203 914 3310 ταρπῆναι
957 3227 1058 3264 και
1102 3203 1351 3285 γήραος
1362 3201 1534 3266 οὐδὸν
1579 3201 1835 3267 ἱκέσθαι.

447 3283 630 3389 αὗτάρ
672 3288 752 3370 μὴ
792 3288 888 3350 νῦν
929 3311 1028 3367 μοι
1072 3287 1205 3354 τόδε
1250 3288 1401 3368 χώεο
1446 3285 1590 3369 μηδὲ
1633 3290 1909 3368 νεμέσσα,

447 3366 652 3434 ουνεκά
697 3371 746 3434 σ’
775 3398 843 3435 ου
863 3371 930 3436 τὸ
973 3375 1221 3480 πρῶτον,
1269 3369 1390 3436 ἐπει
1438 3371 1583 3446 ιδον,
1630 3369 1739 3434 ὧδ’
1773 3371 2070 3453 ἀγάπησα.

251 3453 396 3540 215
443 3450 555 3518 αἰεὶ
597 3455 706 3540 γάρ
749 3483 851 3538 μοι
893 3458 1087 3538 θυμὸς
1128 3451 1208 3521 ἐνι
1254 3459 1531 3561 στήθεσσι
1575 3458 1828 3537 φίλοισιν

441 3541 664 3624 ἐρρίγει,
707 3543 784 3623 μή
827 3543 914 3612 τίς
955 3568 1028 3623 με
1069 3545 1308 3626 βροτῶν
1338 3539 1617 3622 ἀπάφοιτ’
1650 3541 1910 3604 ἐπέεσσιν

441 3625 664 3689 ἐλθών·
709 3622 912 3691 πολλοι
957 3628 1066 3710 γὰρ
1113 3627 1273 3690 κακὰ
1316 3628 1524 3706 κέρδεα
1568 3623 1958 3706 βουλεύουσιν.
