2459 4000
692 198 834 261 LlB.
859 200 1012 261 XIX.
1051 218 1106 261 v.
1125 196 1249 257 379
1272 236 1337 245 --
1359 197 1502 259 458.

23 315 263 373 δεῖπνον
304 290 682 391 ἐφοπλίσσαι·
727 308 818 375 τοὶ
863 310 917 373 δ’
949 310 1283 391 ὀτρύνοντος
1327 307 1605 385 ἄκουσαν,

22 393 246 458 αὐτίκα
291 394 345 455 δ’
385 394 729 505 εἰσάγαγον
734 401 872 480 βοῦν
915 394 1132 501 ἄρσενα
1175 397 1570 502 πενταέτηρον.

22 480 128 543 τὸν
178 481 343 561 δέρον
387 480 544 561 ἀμφί
581 481 638 545 θ’
680 480 832 556 ἕπον,
879 481 990 543 καί
1025 505 1120 557 μιν
1165 478 1421 561 διέχευαν
1466 476 1721 555 ἅπαντα,

23 562 340 645 μίστυλλόν
380 565 422 627 τ’
455 562 543 647 ἄρ’
582 567 997 670 ἐπισταμένως,
1035 565 1245 645 πεῖράν
1286 564 1327 625 τ’
1360 568 1661 646 ὀβελοῖσιν,
1738 592 1749 603 ’

25 648 310 728 ω’πτησάν
352 674 412 712 τε
457 652 876 756 περιφραδέως,
923 648 1213 713 δάσσαντό
1258 674 1319 712 τε
1360 650 1588 731 μοίρας.

23 731 110 804 ὥς
159 732 288 795 τότε
329 732 433 815 μὲν
474 735 706 815 πρόπαν
749 731 904 817 ἦμαρ
948 737 1009 805 ἐς
1050 734 1238 815 ἠέλιον
1280 734 1610 797 καταδύντα
1662 758 1669 765 ·

23 818 303 891 δαίνυντ’,
350 816 493 881 οὐδέ
528 844 581 880 τι
624 821 818 901 θυμὸς
861 820 1084 888 ἐδεύετο
1131 819 1333 889 δαιτὸς
1378 820 1558 897 ἐΐσης·

21 900 178 984 ἦμος
221 902 278 964 δ’
317 901 505 983 ἠέλιος
547 905 756 969 κατέδυ
801 900 901 971 καὶ
946 899 1040 968 ἐπὶ
1083 906 1299 985 κνέφας
1340 900 1534 985 ἦλθεν,

28 989 102 1070 δὴ
149 987 282 1050 τότε
327 987 680 1069 κοιμήσαντο
726 986 826 1053 καὶ
869 988 1046 1056 ὕπνου
1091 993 1279 1069 δῶρον
1324 990 1537 1057 ἕλοντο.

153 1068 344 1153 Ἠμος
388 1071 442 1135 δ’
456 1073 746 1180 ἠριγένεια
791 1075 942 1179 φάνη
983 1074 1413 1178 ῥοδοδάκτυλος
1453 1071 1589 1155 ἠώς,

21 1157 145 1241 βάν
189 1156 244 1241 Q'
275 1182 397 1238 ιμεν
439 1158 500 1229 ἐς
543 1158 744 1243 θήρην,
789 1158 928 1241 ῆμὲν
971 1160 1130 1231 κύνες
1173 1157 1273 1241 ἠδὲ
1316 1155 1417 1222 καὶ
1464 1159 1639 1222 αὐτοί

23 1244 183 1313 υἱέες
224 1242 603 1307 Αὐτολύκου·
647 1246 794 1324 μετὰ
837 1254 989 1309 τοῖσι
1035 1244 1098 1307 δὲ
1141 1252 1266 1315 δῖος
1304 1244 1619 1315 Ὀδυσσεύς

25 1326 169 1409 ἦῖεν.
219 1325 360 1390 αἰπὺ
405 1327 461 1389 δ’
468 1327 639 1435 ὅρος
678 1330 972 1435 προσέβαν
1013 1332 1385 1410 καταειμένον
1424 1328 1529 1409 ὅλη

23 1414 367 1513 Παρνησοῦ,
413 1436 562 1495 ταχα
607 1414 663 1477 δ’
703 1413 897 1478 ἵκανον
939 1415 1158 1495 πτύχας
1201 1414 1572 1495 ἠνεμοέσσας.

29 1496 229 1579 ῆέλιος
269 1495 370 1578 μὲν
415 1498 609 1561 ἔπειτα
652 1500 777 1563 νέον
817 1501 1206 1607 προσέβαλλεν
1251 1498 1507 1580 ἀρούρας

25 1583 96 1657 ἐξ
145 1582 574 1689 ἀκαλαρρείταο
597 1583 958 1693 θβαθυρρόου
997 1586 1324 1659 Ὠκεανοῖο,
1767 1595 1789 1622 ”

27 1667 96 1731 οῖ
141 1666 196 1729 δ’
221 1666 281 1738 ἐς
321 1670 548 1751 βῆσσαν
592 1694 787 1733 ικανον
788 1672 1172 1779 ἐπακτῆρες·
1219 1670 1335 1750 πρὸ
1379 1668 1437 1731 δ’
1470 1665 1557 1748 αρ’
1595 1668 1787 1731 αὐτῶν

31 1734 172 1834 ἴχνι’
202 1752 536 1833 ἐρευνῶντες
579 1754 738 1827 κύνες
780 1753 968 1836 ἤϊσαν,
1017 1754 1202 1837 αὐτὰρ
1250 1753 1497 1819 ὄπισθεν

25 1838 184 1909 υἱέες
226 1836 601 1906 Αὐτολύκου·
645 1840 792 1921 μετὰ
833 1848 986 1903 τοῖσι
1032 1838 1094 1903 δε
1129 1846 1266 1911 -δῖος
1304 1837 1621 1908 Οδυσσεύς

29 1920 157 2004 ἤϊεν
200 1947 329 2006 αγχι
372 1927 572 1999 κυνῶν,
617 1924 906 2007 κραδάων
935 1926 1295 2008 δολιχόσκιον
1339 1924 1517 2008 ἔγχος.

33 2009 188 2115 ἔνθα
235 2009 290 2070 δ’
333 2006 421 2090 ἄρ’
451 2011 510 2084 ἐν
553 2009 730 2092 λόχμῃ
771 2015 975 2092 πυκινῇ
1022 2014 1317 2076 κατέκειτο
1362 2012 1541 2092 μέγας
1584 2011 1703 2080 σῦς·

26 2094 133 2176 τὴν
173 2090 276 2175 μὲν
318 2092 406 2175 ἄρ’
446 2093 559 2158 οὔτ’
596 2094 816 2204 ἀνέμων
861 2097 992 2178 διαη
1035 2099 1204 2178 μένος
1249 2097 1416 2177 ὑγρὸν
1460 2094 1692 2168 ἀέντων,

33 2177 169 2242 ουτε
212 2205 307 2260 μιν
349 2179 538 2260 ἠέλιος
582 2184 830 2261 φαέθων
852 2182 1100 2249 ,ἀκτῖσιν
1141 2183 1396 2288 ἔβαλλεν,
1662 2244 1672 2258 x

31 2261 151 2326 ουτ’
181 2261 402 2368 ὄμβρος
444 2265 742 2347 περάασκε
787 2269 1130 2348 διαμπερές·
1179 2293 1263 2338 ως
1307 2264 1426 2348 ἄρα
1469 2264 1651 2344 πυκνή

33 2344 148 2429 ἦεν,
195 2347 348 2454 ἀτὰρ
393 2349 620 2430 φύλλων
662 2351 816 2431 ἐνέην
857 2351 1018 2432 χύσις
1060 2350 1242 2454 ἤλιθα
1286 2350 1485 2429 πολλη.

31 2433 136 2498 τὸν
179 2432 242 2495 δ’
269 2433 497 2516 ἀνδρῶν
539 2459 600 2498 τε
645 2459 826 2498 κυνων
870 2457 929 2499 τε
972 2431 1102 2518 περὶ
1147 2435 1361 2506 κτύπος
1406 2431 1552 2516 ἦλθε
1596 2438 1839 2508 ποδοῖιν,

31 2520 118 2590 ὡς
162 2519 470 2626 ἐπαγοντες
513 2520 764 2600 ἐπῆσαν·
813 2522 845 2583 ὁ
891 2519 947 2582 δ
977 2520 1172 2592 ἀντίος
1215 2521 1279 2582 ἐκ
1324 2518 1607 2598 ξυλόχοιο,

37 2603 255 2686 φρίξας
298 2599 362 2667 εὗ
404 2605 624 2688 λοφιήν,
669 2609 781 2689 πῦρ
827 2606 884 2668 δ’
916 2605 1282 2687 ὀφθαλμοῖσι
1328 2603 1639 2683 δεδορκώς,

33 2693 142 2770 στῆ
187 2687 247 2792 ῥ’
279 2689 468 2754 αυτῶν
513 2691 805 2773 σχεδόθεν.
855 2692 888 2756 ὸ
932 2691 990 2754 δ’
1025 2689 1143 2772 ἄρα
1185 2713 1513 2797 πρωτιστος
1550 2684 1865 2757 Ὀδυσσεύς

35 2774 222 2836 ἔσσυτ’
251 2773 636 2884 ἀνασχόμενος
681 2776 902 2858 δολιχὸν
946 2776 1082 2858 δόρυ
1127 2771 1267 2882 χειρὶ
1309 2775 1533 2856 παχείῃ,

34 2859 352 2940 ουτάμεναι
393 2862 658 2942 μεμαως·
707 2863 739 2944 ὁ
785 2863 856 2924 δέ
889 2889 984 2942 μιν
1027 2861 1331 2944 φθαμενος
1376 2862 1577 2924 ἔλασεν
1621 2859 1722 2929 σῦς

35 2944 255 3044 γουνὸς
284 2970 444 3026 υπερ,
489 2947 700 3010 πολλὸν
744 2944 806 3009 δὲ
853 2948 1091 3029 διήφυσε
1137 2946 1361 3028 σαρκὸς
1404 2945 1593 3008 ὀδόντι
1648 2981 1675 3012 -,

34 3023 292 3110 λικριφις
339 3030 532 3106 ἀΐξας,
578 3029 704 3094 οὐδ’
741 3031 942 3096 ὀστέον
985 3055 1136 3096 ικετο
1183 3031 1396 3113 φωτός.

33 3113 141 3176 τὸν
186 3112 244 3175 δ’
293 3113 572 3188 Ὀδυσεὺς
615 3141 821 3197 ουτησε
864 3141 1046 3198 τυχων
1089 3116 1243 3180 κατὰ
1290 3116 1479 3190 δεξιὸν
1522 3140 1701 3198 ωμον,

35 3197 274 3280 ἀντικρὺ
319 3198 380 3262 δὲ
425 3204 626 3307 διῆλθε
672 3225 910 3306 φαεινου
955 3202 1164 3306 δουρὸς
1207 3201 1439 3284 ἀκωκή·

32 3282 157 3344 κὰδ
203 3283 259 3346 δ
293 3285 439 3348 ἔπεσ’
477 3287 536 3348 ἐν
577 3285 796 3365 κονίῃσι
839 3312 1058 3366 μακων,
1105 3285 1224 3350 ἀπὸ
1270 3287 1327 3348 δ’
1356 3287 1571 3350 επτατο
1613 3281 1821 3364 θυμός-

33 3368 144 3430 τὸν
187 3367 292 3451 μὲν
336 3367 424 3449 ἄρ’
461 3369 804 3444 Αυτολύκου
848 3377 1054 3476 παῖδες
1098 3371 1257 3474 φίλοι
1296 3369 1733 3452 ἀμφεπένοντο,

39 3452 282 3537 ωτειλὴν
325 3454 382 3516 δ’
429 3455 714 3538 Ὀδυσῆος
757 3455 1049 3536 ἀμύμονος
1093 3455 1388 3520 ἀντιθέοιο

41 3540 228 3616 δῆσαν
269 3541 675 3646 ἐπισταμένως,
723 3541 964 3620 ἐπαοιδῇ
1010 3537 1066 3602 δ’
1095 3536 1243 3618 αἷμα
1289 3536 1547 3604 κελαινόν

41 3622 310 3704 ἔσχεθον,
357 3624 512 3709 αἶψα
559 3627 611 3688 δ’
643 3651 830 3692 mono
867 3627 1048 3708 φίλου
1091 3625 1241 3708 πρὸς
1281 3623 1532 3705 δωματα
1572 3621 1815 3703 πατρός.

1910 196 1989 259 91

2037 398 2165 462 420
2210 428 2215 435 ·

2040 820 2165 882 425

1950 1350 1959 1357 ,
2040 1156 2169 1305 2220

2043 1666 2169 1730 435

2045 2077 2177 2154 2140

2042 2515 2169 2576 445
2203 2563 2213 2570 ,

2043 2933 2171 3003 41ἱο

1947 3375 1964 3394 “
2044 3365 2171 3427 455
