2459 4000
473 203 548 264 10
1207 198 1675 264 ODYSSEAE

299 319 424 380 270
472 317 823 423 ἀνθρωπων
845 313 1059 396 ε’νόησε,
1105 317 1295 380 λάθον
1339 319 1409 380 δέ
1447 317 1477 380 ἕ
1517 313 1707 396 θυμὸν
1751 311 2034 392 ἀπούρας.

473 401 658 509 αὐτὰρ
705 393 826 464 ἐπεὶ
872 400 955 502 δη
982 401 1082 462 τόν
1122 425 1207 484 γε
1227 405 1574 465 κατέκτανον
1618 400 1746 473 ὀξεῖ
1781 401 1992 479 χαλκῷ,

469 485 644 550 αυτίκ’
679 484 823 569 ε’γῶν
863 479 957 548 ε’πὶ
1001 489 1105 564 νῆα
1152 487 1291 550 κιὼν
1342 487 1623 556 Φοίνικας
1666 482 1920 566 ἀγαυούς

473 572 794 652 ἐλλισάμην,
838 571 946 660 καί
983 594 1118 652 σφιν
1157 574 1453 652 μενοεικέα
1498 571 1667 650 ληΐδα
1710 571 1891 630 δῶκα.

474 656 608 728 τούς
649 657 700 736 μ’
735 630 1004 719 ἐκέλευσα
1047 654 1311 719 Πύλονδε
1354 658 1717 736 καταστῆσαι
1758 647 1859 716 καὶ
1908 653 2170 734 ἐφέσσαι,

300 741 491 804 275'
475 738 509 823 ή
553 742 636 812 εἰς
667 740 884 802 ’Ήλιδα
928 745 1074 813 δῖαν,
1121 738 1228 803 ὅθι
1270 742 1606 822 κρατέουσιν
1644 738 1873 802 Ἐπειοί.

475 824 594 889 ἀλλ’
625 821 751 906 ἦτοι
795 827 980 908 σφέας
1025 831 1219 888 κεῖθεν
1264 825 1545 888 ἀπώσατο
1592 823 1646 896 ἲς
1688 822 1922 904 ἀνέμοιο

472 910 627 975 πόλλ’
657 909 1090 990 ἀεκαζομένους,
1137 908 1264 984 οὐδ’
1292 909 1505 992 ἤθελον
1546 909 1937 986 ἐξαπατήσαι·

477 1005 670 1060 κεῖθεν
713 992 777 1058 δὲ
821 995 1206 1101 πλαγχθεντες
1252 993 1517 1076 ἱκάνομεν
1561 992 1773 1056 ἐνθάδε
1814 987 2035 1064 νυκτός.

479 1084 698 1160 σπουδῇ
746 1079 803 1142 δ’
831 1081 892 1150 ἐς
935 1080 1130 1158 λιμένα
1176 1080 1621 1186 προερέσσαμεν,
1668 1078 1810 1141 οὗδέ
1842 1099 1932 1148 τις
1975 1073 2105 1159 ἧμιν

299 1165 432 1228 280
479 1165 694 1246 δόρπου
739 1188 970 1245 μνηστις
1013 1163 1122 1241 ἔην,
1168 1165 1329 1244 μάλα
1370 1189 1478 1246 περ
1522 1163 1821 1266 χατέουσιν
1864 1163 2123 1237 ἑλέσθαι,

478 1249 600 1312 ἀλλ’
631 1247 821 1320 αὕτως
865 1248 1192 1330 ἀποβάντες
1236 1251 1511 1331 ἐκείμεθα
1554 1247 1688 1329 νηὸς
1734 1246 2001 1318 ἅπαντες.

479 1333 594 1397 ἕνθ’
630 1331 726 1414 ἐμὲ
768 1329 872 1440 μὲν
915 1332 1115 1414 γλυκὺς
1157 1357 1335 1404 υπνος
1376 1334 1629 1414 ἐπήλυθε
1674 1337 1997 1413 κεκμηῶτα,

483 1419 542 1481 οἱ
584 1416 647 1481 δὲ
691 1417 919 1500 χρήματ’
947 1417 1056 1506 ἐμὰ
1101 1423 1395 1527 γλαφυρῆς
1436 1421 1498 1482 ἐκ
1540 1418 1675 1499 νηὸς
1718 1418 1937 1488 ελόντες

481 1503 794 1576 κάτθεσαν,
840 1502 986 1565 ἔνθα
1031 1525 1136 1584 περ
1181 1504 1358 1575 αὐτὸς
1401 1498 1493 1567 ε’πι
1535 1502 1909 1586 ψαμάθοισιν
1954 1501 2195 1582 ἐκείμην.

303 1589 432 1652 285
482 1588 540 1651 οἱ
584 1586 638 1650 δ’
669 1588 729 1659 ἐς
772 1588 1040 1692 Σιδονίην
1081 1585 1143 1652 εὖ
1187 1591 1487 1695 ναιομένην
1532 1589 1848 1696 ἀναβάντες

485 1671 696 1779 ᾤχοντ’·
745 1669 930 1754 αυτάρ
973 1673 1082 1757 ἐγὼ
1127 1675 1369 1780 λιπόμην
1412 1673 1771 1756 ἀκαχήμενος
1810 1668 1969 1753 ἦτορ

595 1754 707 1830 ’Ὡς
751 1756 922 1840 φάτο,
958 1760 1222 1839 μείδησεν
1264 1757 1329 1822 δὲ
1372 1759 1490 1822 θεὰ
1534 1760 1865 1866 γλαυκῶπις
1893 1755 2127 1836 Ἀθήνη,

477 1843 627 1925 χειρί
661 1843 732 1906 τέ
764 1867 860 1922 μιν
901 1843 1208 1924 κατέρεξε·
1215 1844 1436 1948 δέμας
1480 1842 1532 1906 δ’
1558 1841 1719 1924 ἤϊκτο
1764 1841 1993 1948 γυναικί

480 1930 625 2009 καλῇ
669 1950 731 1989 τε
773 1926 986 2034 μεγάλη
1029 1952 1091 1991 τε
1135 1953 1235 1990 και
1282 1927 1473 2012 ἀγλαὰ
1520 1927 1657 2012 ἔργα
1703 1928 1867 2007 ἰδυίῃ.

305 2014 434 2076 290
480 2014 589 2075 καί
622 2034 716 2093 μιν
759 2011 1046 2094 φωνήσασ’
1080 2014 1222 2076 ἔπεα
1266 2015 1575 2115 πτερόεντα
1620 2013 1947 2116 προσηύδα·

611 2098 946 2179 Κερδαλέος
988 2097 1033 2160 κ’
1060 2096 1147 2179 εἴη
1191 2093 1291 2161 καὶ
1336 2100 1665 2173 ἐπίκλοπος,
1710 2096 1777 2168 ὅς
1822 2120 1887 2159 σε
1928 2097 2222 2177 παρέλθοι

481 2182 540 2244 ἐν
582 2181 858 2245 πάντεσσι
903 2182 1144 2257 δόλοισι,
1189 2177 1289 2246 καὶ
1335 2185 1392 2247 εί
1430 2184 1576 2255 θεὸς
1620 2182 1951 2247 ἀντιάσειεν.

482 2267 713 2347 σχετλιε,
758 2271 1155 2349 ποικιλομητα,
1203 2268 1388 2331 δόλων
1430 2266 1543 2344 ἆτ’,
1570 2268 1694 2331 οὐκ
1740 2266 1826 2349 ἄρ’
1882 2268 2126 2347 ἔμελλες,

485 2352 610 2413 οὐδ’
639 2353 698 2414 ἐν
741 2353 812 2431 σῇ
853 2375 960 2433 περ
1006 2353 1114 2416 ἐῶν
1151 2379 1306 2460 γαιη,
1352 2356 1535 2435 λήξειν
1578 2352 1861 2416 ἀπατάων

307 2437 435 2499 ‘295
477 2437 686 2517 μόθων
725 2460 788 2499 τε
832 2439 1126 2546 κλοπίων,
1149 2437 1216 2502 οἵ
1247 2464 1337 2501 τοι
1382 2439 1631 2504 πεδόθεν
1674 2439 1832 2519 φίλοι
1874 2436 2032 2504 ει”.σιν

482 2520 602 2584 ἀλλ’
637 2519 740 2603 ἄγε
781 2523 978 2631 μηκέτι
1020 2548 1206 2587 ταυτα
1252 2525 1618 2630 λεγώμεθα,
1622 2522 1839 2592 εἰδότες
1880 2518 2059 2602 ἄμφω

482 2604 684 2687 κε”,ρδε
729 2603 847 2671 ε’πει
895 2608 965 2671 σὺ
1007 2610 1108 2690 μέν
1151 2610 1277 2673 ε’σσι
1320 2614 1543 2717 βροτῶν
1586 2607 1663 2691 ὄχ’
1702 2606 1937 2687 αριστος
1982 2604 2263 2669 ἁπάντων

481 2695 656 2773 βουλῇ
703 2718 799 2754 και
842 2694 1131 2774 μυθοισιν,
1175 2693 1286 2775 ε’γὼ
1334 2692 1389 2754 δ’
1417 2696 1475 2757 ἐν
1520 2696 1667 2757 πᾶσι
1708 2698 1935 2755 θεοῖσίν

481 2777 611 2855 μήτι
655 2801 717 2839 τε
761 2780 1000 2859 κλέομαι
1045 2803 1143 2840 και
1187 2781 1462 2857 κέρδεσιν.
1528 2776 1659 2841 οὐδε
1704 2778 1775 2839 σύ
1818 2777 1858 2857 γ’
1888 2800 2061 2859 εγνως

305 2860 440 2921 300
482 2860 751 2924 Παλλάδ’
790 2862 1120 2943 Ἀθηναίην,
1167 2886 1375 2943 κουρην
1416 2863 1577 2937 Διός,
1622 2859 1658 2943 ἦ
1701 2864 1769 2923 τέ
1803 2886 1893 2923 τοι
1938 2861 2063 2924 αἰεί

483 2945 542 3005 ἐν
584 2944 856 3009 πάντεσσι
899 2947 1124 3009 πόνοισι
1167 2948 1531 3030 παρίσταμαι
1574 2948 1683 3028 ἠδέ
1719 2947 2017 3028 φυλάσσω,

483 3054 584 3089 και
632 3030 701 3091 δέ
737 3054 802 3093 σε
855 3031 1174 3137 Φαιήκεσσι
1219 3032 1387 3112 φίλον
1427 3033 1732 3096 πάντεσσιν
1775 3032 1981 3113 ἔθηκα.

481 3118 578 3177 νῦν
623 3139 696 3177 αυ
743 3113 886 3197 δεῦρ’
914 3114 1130 3195 ἱκόμην,
1178 3114 1271 3179 ἵνα
1313 3140 1407 3181 τοι
1452 3118 1552 3181 σὺν
1592 3123 1755 3198 μῆτιν
1796 3118 2010 3199 υφήνω,

480 3198 742 3281 χρήματά
787 3223 847 3262 τε
891 3201 1116 3279 κρύψω,
1161 3198 1275 3265 ὅσα
1319 3226 1409 3265 τοι
1461 3205 1717 3285 Φαίηκες
1758 3200 1978 3285 ἀγαυοί

306 3284 436 3348 305
482 3282 732 3348 ῶπασαν
776 3282 1019 3349 οικαδ’
992 3285 1132 3349 ιόντι
1175 3288 1280 3367 ἐμῇ
1324 3291 1502 3371 βουλῇ
1545 3313 1608 3353 τε
1649 3288 1763 3367 νόῳ
1805 3311 1884 3362 τε,

482 3368 626 3433 εἴπω
669 3370 754 3445 θ’,
801 3368 952 3436 ὅσσα
997 3395 1088 3435 τοι
1131 3370 1277 3451 αἶσα
1322 3373 1521 3454 δόμοις
1566 3376 1645 3437 ἔνι
1687 3380 2005 3451 ποιητοῖσιν

483 3454 628 3533 κήδε’
657 3455 1039 3551 ἀνασχέσθαι.
1102 3458 1174 3521 σὺ
1217 3456 1281 3523 δὲ
1323 3460 1659 3540 τετλάμεναι
1704 3452 1802 3519 καὶ
1849 3455 2084 3553 ἀνάγκη,

483 3541 632 3617 μηδέ
667 3565 747 3618 τῳ
793 3538 1124 3648 ἐκφάσθαι
1139 3544 1261 3624 μήτ’
1295 3542 1519 3623 ἀνδρῶν
1562 3544 1701 3622 μήτε
1742 3545 2041 3623 γυναικῶν,

483 3623 730 3694 πάντων
777 3623 949 3687 ουνεκ’
979 3625 1066 3705 ἄρ’
1093 3623 1275 3706 ἦλθες
1320 3628 1629 3702 ἀλώμενος,
1678 3624 1827 3687 ἀλλὰ
1874 3630 2059 3701 σιωπῇ

1844 3744 1859 3767 δ
